2684 4762
342 351 543 414 JUDICIUM
562 349 616 412 DE
635 347 835 418 numnam
1056 349 1102 422 49

544 694 575 777 ξ.
593 714 623 758 1.

359 843 409 906 Dc
423 841 635 928 Distributionc
649 839 808 904 Materiae.

112 1004 252 1074 Materia
273 1008 307 1074 in
332 1010 546 1076 distributione
567 1009 710 1074 bifariam
733 1008 907 1096 speciatur:
933 1009 985 1074 vel
1008 1021 1092 1074 tam·

56 1132 168 1194 quam
183 1113 338 1198 dispensatio
352 1115 501 1193 universe,
520 1113 610 1205 cujus
623 1127 727 1200 partes
749 1112 926 1191 censentur,
943 1111 1092 1191 Exordio‚

24 1206 29 1211 ’
67 1210 279 1290 Tradiatione‚
294 1213 443 1300 Epilogo‚
457 1214 547 1277 aliis:
570 1211 618 1277 vel
634 1227 798 1299 tamquam
820 1213 886 1299 ipsa
904 1234 949 1274 res
963 1223 991 1275 et
1005 1235 1092 1299 quae·

52 1311 116 1396 'flio
130 1311 333 1398 disputationi
346 1317 466 1402 propos
469 1329 512 1396 ta,
528 1339 600 1402 quae
619 1315 661 1379 est
678 1315 826 1380 Educatio
839 1330 1006 1402 puerorum.
1040 1316 1093 1379 De

66 1424 203 1497 utraque
216 1413 363 1500 deinceps
377 1415 549 1482 videamus.

111 1515 138 1576 Ι.
165 1514 394 1602 Disputationis
412 1533 517 1604 partes
529 1518 605 1582 suo
599 1538 734 1605 quaeque
748 1467 861 1583 habitu
874 1528 907 1582 et
919 1516 1018 1582 modo
1032 1516 1090 1580 ali-

52 1634 135 1678 ·enae
150 1612 221 1678 sunt
238 1638 257 1678 a
278 1617 437 1682 Plutarchi
451 1617 678 1684 consuetudine
692 1632 725 1683 et
743 1618 890 1709 ingenio.
923 1617 1091 1681 Exordium

64 1714 189 1778 brevius
209 1728 243 1779 et
258 1714 400 1802 jejunius
421 1740 517 1804 quam
537 1741 596 1806 pro
617 1719 661 1784 rei
682 1720 834 1806 gravitate
857 1730 891 1782 et
911 1730 1088 1799 momento,

63 1815 235 1900 praesertim
265 1818 444 1904 principum
477 1819 736 1907 philosophorum
772 1820 890 1905 scriptis
923 1817 1089 1904 explicitae.

51 1916 220 1989 ,Τναᾶαίὶο
241 1941 305 1984 non
328 1921 424 1985 habet
439 1935 559 1986 certam
573 1922 655 1985 viam
675 1935 709 1985 et
728 1921 903 1985 rationem:
928 1943 992 1985 non
1007 1919 1091 1985 adest

63 2017 206 2083 definitio
221 2021 266 2083 rei
280 2022 456 2106 propolim,
479 2044 543 2085 non
566 2023 660 2086 status
675 2013 852 2106 quaestionis
865 2035 899 2084 et
911 2021 1091 2084 constitutio

60 2117 138 2199 loci,
156 2142 220 2183 non
236 2121 428 2205 fingularum
443 2122 580 2207 partium
595 2121 751 2206 majorum
774 2122 809 2206 in,
823 2121 961 2183 minores
974 2120 1090 2200 divifio,

64 2240 130 2282 non
145 2220 177 2284 in
192 2221 389 2306 argumentis
403 2243 513 2300 nexus,
529 2243 593 2285 non
608 2222 640 2284 in
655 2219 804 2306 exemplis
818 2234 892 2305 apta
906 2241 980 2284 curn
994 2242 1091 2306 argu·

63 2320 180 2383 mentis
194 2321 428 2386 convenientia:
452 2321 583 2385 omnino
598 2319 762 2384 differendi
774 2319 853 2383 ratio
865 2333 898 2383 et
909 2320 1000 2406 copia
1014 2320 1089 2385 Plu·

63 2420 192 2484 tarchea
212 2422 310 2485 nulla.
351 2421 495 2508 Epilogus
508 2423 621 2501 brevis,
637 2421 786 2506 idemque
807 2442 881 2484 cum
903 2421 1089 2505 profeflione

63 2543 102 2584 ac
112 2519 319 2606 praedidiione
339 2522 541 2608 conjundius,
556 2522 650 2608 plane
663 2520 811 2586 abhorret
829 2542 847 2584 a
860 2522 1088 2587 consuetudine

65 2620 245 2686 Plutarchi:
275 2623 330 2708 qui
353 2645 417 2687 non
440 2623 554 2703 subito,
579 2621 632 2686 sed
656 2622 774 2702 senfim,
798 2644 818 2711 a
840 2622 1024 2687 tractatione
1048 2622 1088 2686 ad

63 2721 297 2787 conclufionem
311 2723 460 2809 progredi
475 2724 563 2789 solet.

109 2823 154 2887 ll.
176 2823 380 2888 Educationis
393 2838 496 2910 partes
511 2825 587 2890 facit
598 2836 743 2910 quatuor,
755 2825 871 2910 γένεσιν,
884 2830 992 2912 τροφὴν,
1007 2831 1086 2910 ἁγα-

63 2928 128 3007 γῆν,
151 2923 290 2986 παιδείαν.
327 2924 425 2988 Recio
440 2923 578 3010 quidem,
616 2923 678 2987 Sed
699 2925 731 2987 in
749 2924 786 2988 iis
800 2923 991 3010 explicandis
1005 2946 1086 3010 quo-

62 3022 163 3087 modo
184 3015 343 3087 versatur?
367 3023 570 3110 Singularum
588 3024 649 3087 vim
672 3037 704 3087 et
726 3037 870 3088 naturam
893 3047 951 3089 nec
975 3021 1085 3088 defini-

62 3123 150 3189 endo
166 3124 276 3210 aperit,
297 3147 356 3190 nec
375 3124 578 3191 describendo
592 3125 762 3211 fignificat:
786 3125 968 3191 earumdem
983 3141 1087 3211 partes

46 3239 122 3289 ‘aut
135 3226 247 3305 nullas,
262 3238 317 3290 aut
336 3225 540 3312 pauciffimas,
563 3238 671 3291 notat:
695 3226 759 3312 ipsa
772 3227 918 3291 tmdlatio
931 3248 1038 3289 earum
1054 3241 1087 3287 et

61 3324 230 3412 explicatio
243 3326 338 3391 levior
358 3350 453 3414 quam
468 3350 526 3414 pro
541 3328 674 3412 ipsarum
696 3328 835 3412 pondere
854 3349 890 3390 ac
909 3339 1085 3405 moment0,

62 3444 97 3492 et
120 3448 179 3512 pro
200 3425 341 3490 doctrina
354 3427 423 3514 jam
447 3429 487 3491 ab
510 3427 646 3511 antiquis
666 3425 812 3512 expolita,
831 3447 926 3510 quam
948 3425 1000 3490 iste
1021 3448 1085 3491 non

61 3526 240 3613 cognoviffc
266 3527 397 3593 videtur.
443 3526 530 3615 Quid
552 3528 587 3590 srt
612 3530 724 3611 ἀγωγὴ,
749 3540 781 3589 et
804 3526 929 3611 qualern
950 3527 1086 3616 intelligi
1164 3589 1169 3604 ,

28 3700 32 3706 ,
62 3629 149 3707 velit,
170 3624 234 3714 ipse
255 3629 421 3716 ignoravit.
467 3632 574 3707 Porro,
594 3629 671 3691 fines
689 3627 829 3692 materiae
843 3629 974 3693 minime
988 3632 1084 3716 cepit,

60 3731 116 3816 qui
137 3733 204 3816 περὶ
223 3731 332 3794 παίδων
345 3736 459 3816 ἀγωγῆς
477 3731 639 3817 ρτοίείίυε,
655 3729 769 3794 deinde
785 3731 865 3817 Cap.
883 3732 955 3796 XV.
974 3734 1015 3794 ἐπὶ
1038 3737 1084 3825 rlp

60 3840 114 3895 τῶν
126 3832 270 3918 μειρακίων
284 3831 392 3908 ἡλικίαν
407 3833 551 3894 transeat.
588 3831 744 3919 Amphora
761 3833 846 3918 capit
863 3829 973 3916 irfiitui
983 3857 993 3911 3
1015 3855 1083 3895 sur·
1124 3862 1132 3878 ·

60 3943 142 3995 rente
154 3945 217 3996 rota
233 3957 284 3996 cur
297 3956 401 3995 urceus
414 3932 498 3995 exit?
521 3930 584 3996 Sed
598 3931 693 3997 semel
706 3930 746 3995 ad
761 3945 888 3995 atatem
902 3931 1083 3996 adolescen-

40 4045 130 4097 -tum
144 4033 357 4119 transgrellus,
373 4054 469 4118 quare
484 4055 547 4098 non
565 4052 605 4096 co
624 4031 696 4096 loco
716 4032 756 4096 de
775 4031 981 4117 philosophiae
998 4031 1082 4094 insti·

59 4133 184 4198 tutione
199 4135 289 4220 egit?
313 4157 410 4221 quare
424 4135 505 4199 hanc
521 4146 631 4199 contra
644 4154 773 4198 omnem
791 4133 997 4216 Antiquitatis
1011 4155 1082 4198 mo·

58 4257 126 4299 rem
150 4235 295 4300 attribuit
321 4236 450 4325 pueris?
488 4237 540 4302 Est
565 4234 626 4300 hoc
652 4236 795 4321 profedo
823 4233 914 4319 ίςεςον
940 4236 1082 4323 celsam,

105 4356 190 4401 voa.
205 4350 260 4401 vr.
571 4356 591 4400 a

1197 3639 1223 3670 Δ
