2684 4762
282 408 286 417 ,
327 350 381 410 DE
401 351 624 412 AUDIENDIS
646 352 791 412 POETIS.
812 370 840 428 p.
852 361 901 411 22.
915 353 950 410 E.
1003 364 1006 369 '
1092 361 1150 418 2³3

123 510 308 601 philrffopbue
322 517 381 577 aon
391 517 481 602 suam
499 517 555 603 ipse
570 514 726 580 orationem
742 514 880 578 excolat?
906 515 958 578 De
971 512 1153 578 nominibuo

126 610 207 690 άλος,
221 627 254 678 et
268 612 334 693 άλη,
355 615 496 701 ejusdem
512 631 546 681 et
563 615 695 702 originis
710 629 743 680 et
757 614 928 700 potestatis,
943 614 1011 679 aliis
1028 615 1152 680 Plutar-

128 717 183 780 chi
197 717 276 782 locis
290 718 444 783 dicemus.

172 837 224 885 22.
240 821 277 882 E.
300 822 335 893 ὥς
350 812 505 906 Εὐριπίδης,
520 825 610 894 Κῆτος
624 819 734 902 θοάζον]
762 816 878 882 Incerti
897 816 1047 881 dramatis
1061 818 1155 886 verbe

127 939 168 980 ex
179 918 240 981 hoc
251 918 324 982 loco
338 918 371 983 in
384 921 576 1005 Fragmenta
588 919 698 984 retulit
708 918 908 1005 Musgravius
919 919 1019 983 Num.
1032 918 1153 984 CXIV.

128 1016 264 1082 Videtur
278 1018 310 1082 in
324 1018 563 1087 Andromedam
577 1017 754 1083 convenire.

172 1136 223 1183 22.
237 1121 274 1182 E.
296 1119 443 1196 θαάσσειν,
458 1121 492 1192 ὠς
504 1119 703 1202 Σοφοκλῆμ]
730 1116 844 1203 OEdipi
858 1120 933 1204 Tyr.
948 1117 1052 1198 initio,
1068 1119 1156 1184 versu

128 1235 161 1283 2.
198 1220 310 1283 Unum
331 1217 480 1305 idemque
500 1220 630 1283 verbum
649 1219 753 1290 θοάζειν
773 1218 852 1283 duas
866 1220 979 1304 easque
994 1241 1011 1283 e
1027 1220 1156 1306 regione

128 1318 270 1392 invicem,
287 1321 444 1407 oppositas
461 1320 701 1408 significationes
716 1321 843 1402 habere,
862 1321 979 1386 mirum
996 1323 1048 1386 cui
1069 1322 1155 1387 acci-

129 1419 198 1484 dat.
233 1424 319 1487 Nam
335 1423 368 1486 in
390 1421 428 1486 iis
447 1422 588 1508 quidem,
605 1445 676 1509 quae
689 1422 846 1511 disjundte
862 1425 1004 1510 opposita
1016 1426 1100 1505 sunt,
1121 1425 1156 1490 id

127 1523 184 1602 est,
210 1522 242 1587 in
268 1523 391 1589 duabus
418 1524 529 1589 formis
557 1523 697 1610 ejusdem
722 1526 865 1612 generis,
894 1526 976 1591 ratio
1003 1541 1153 1614 apparete

129 1616 244 1705 veluti,¹
254 1624 394 1714 ἄνθρωπος
410 1640 444 1691 et
456 1627 556 1690 virum
570 1641 603 1691 et
618 1627 766 1691 mulierem
781 1642 883 1706 notat,
903 1630 977 1714 quia
999 1631 1070 1694 sunt
1087 1631 1155 1695 for·

131 1730 194 1790 mae
215 1726 355 1814 ejusdem
377 1727 513 1814 generis.
552 1728 599 1791 At
619 1727 652 1791 in
667 1728 790 1792 duabus
804 1729 865 1794 illis
877 1729 1157 1815 significationibus

130 1828 216 1892 verbi
238 1829 352 1907 θοάζειν,
364 1829 492 1915 sedendi
513 1841 546 1893 et
566 1828 710 1908 irruendi,
736 1830 834 1895 altera
855 1831 898 1893 est
919 1831 1034 1917 quietis,
1058 1833 1158 1897 altera

131 1943 240 2011 motus;
264 1953 335 2017 quae
356 1932 403 1995 ita
423 1931 494 1994 sunt
515 1931 678 2015 oppofitae‚
700 1944 737 1993 ut
759 1932 814 1995 sub
835 1931 949 1994 eodem
968 1954 1086 2017 genere
1106 1933 1156 1998 in·

131 2030 235 2119 tellig'i
257 2045 428 2118 nequeant,
452 2031 506 2095 nisi
529 2031 549 2094 sr
572 2031 633 2096 hoc
655 2053 758 2116 genus
780 2031 816 2107 fit
838 2038 852 2106 ἡ
874 2030 1005 2110 διάθεοις,
1028 2034 1157 2118 affictio,

128 2145 188 2197 aut
211 2133 319 2198 simile.
367 2136 439 2199 Jam
468 2131 576 2218 negari
604 2133 714 2218 nequit
740 2131 774 2195 in
801 2132 1008 2219 Etymologia
1034 2137 1158 2201 Graecae

130 2233 250 2320 linguae
264 2256 415 2320 apparere
430 2233 556 2319 vestigia
574 2232 747 2319 diligentiae
766 2231 895 2319 inslgnis
914 2231 945 2296 in
961 2232 1159 2299 distinetione

131 2338 302 2402 notionum
324 2336 664 2423 accommodandisque
690 2335 803 2400 harum
825 2335 967 2400 varietati
985 2337 1157 2404 vocabulis.

133 2438 197 2503 Sed
215 2438 298 2517 haec,
319 2438 425 2526 quoad
446 2451 611 2524 apparent,
631 2435 856 2516 conseeianda3
881 2459 957 2517 non,
975 2437 1030 2501 ubi
1048 2437 1158 2504 defici-

133 2552 206 2620 unt,
221 2539 381 2627 fingenda,
405 2562 463 2604 nec
485 2538 525 2603 ad
543 2537 712 2603 abstrusam
730 2536 983 2624 Metaphysrcam
1001 2539 1157 2604 subtilita-

132 2655 201 2706 tem
214 2642 387 2728 redigenda
405 2642 487 2705 sunt.
524 2639 672 2725 Vidimus
692 2638 782 2703 ἀλύειν
797 2652 906 2703 notare
926 2654 961 2703 et
979 2641 1112 2727 gaudere
1126 2655 1160 2707 et

132 2742 248 2807 dolere:
276 2746 349 2807 sunt
370 2741 455 2807 enim
477 2742 587 2806 fonnae
609 2739 748 2828 ejusdem
769 2741 908 2828 generis,
930 2741 1025 2805 animo
1047 2766 1158 2822 errore,

134 2843 262 2909 turbari.
286 2843 377 2908 Idem
386 2843 561 2908 videbimus
576 2842 636 2907 effe
650 2842 815 2930 negotium
828 2843 912 2908 verbi
925 2843 1039 2923 θοάζειν,
1056 2842 1108 2907 sed
1121 2856 1160 2908 ut

131 2946 209 3011 duo‘
223 2947 282 3011 fint
301 2945 420 3010 diversa
439 2946 542 3024 verba,
564 2945 667 3014 θοάζειν
677 2946 792 3030 sidere,
813 2959 846 3008 et
863 2944 967 3015 θοάζειν
985 2945 1108 3024 irruere,
1126 2958 1161 3010 et

132 3046 292 3134 originem
314 3046 524 3132 propinquam
547 3045 685 3109 habeant
706 3044 802 3131 longe
827 3044 989 3123 diversam,
1012 3043 1159 3113 ultimam

134 3163 242 3215 tamen
257 3171 473 3214 communem.
508 3149 634 3211 Notum
653 3147 697 3211 est
718 3147 848 3211 verbum
869 3144 937 3225 θέοι,
959 3145 1038 3211 item
1052 3145 1160 3232 dupli-

133 3251 180 3314 cis
193 3251 358 3315 contrariae
380 3249 625 3336 significationis,
641 3264 728 3337 pono,
747 3261 782 3312 et
799 3271 900 3312 ntrros
924 3247 998 3310 hinc
1014 3248 1160 3315 novimus

135 3374 253 3416 nomen
267 3354 340 3429 θοὸς,
355 3352 454 3431 velox3
477 3365 511 3414 at
527 3353 601 3429 θοὸς,
618 3350 743 3437 quietus,
762 3372 826 3413 non
845 3349 961 3413 exiiatz
984 3372 1003 3414 a
1017 3351 1091 3430 θοὸς,
1105 3351 1156 3414 ve'-

136 3451 198 3532 lox,
220 3455 263 3518 est
285 3454 401 3531 θοάζειν,
428 3452 559 3522 irruere:
590 3474 610 3515 a
633 3453 706 3529 θοός,
729 3451 855 3538 quietus,
881 3450 968 3536 quod
992 3451 1096 3538 periit,
1115 3453 1163 3519 ‘est

135 3557 253 3638 θοάζειν,
266 3557 380 3643 sedere.
413 3554 508 3619 Unde
522 3554 620 3640 igitur
633 3554 687 3617 ista
702 3554 911 3640 repugnantia
924 3553 957 3619 in
969 3555 1067 3643 uerbo
1080 3554 1159 3624 aa?
1249 3621 1252 3624 ,

135 3657 299 3723 Nimirum
321 3679 370 3721 res
391 3658 431 3720 ab
450 3655 573 3743 origine
595 3658 638 3721 est
658 3655 842 3743 repetenda.
866 3646 1004 3721 --Notum
1024 3657 1068 3722 est
1087 3659 1161 3736 fimf

136 3759 209 3845 plex
237 3760 271 3823 ἕο
297 3760 397 3839 mium
428 3757 521 3844 eique
546 3757 685 3843 subjeea
711 3756 776 3837 σέο,
801 3782 909 3836 moveo,
933 3773 967 3824 et
987 3757 1052 3839 τέω,
1077 3773 1161 3846 pono.

138 3859 255 3925 Multis
268 3861 373 3946 postea
388 3860 510 3936 seculis,
527 3859 657 3923 indutio
669 3864 701 3938 θ,
716 3858 786 3924 haec
801 3857 893 3923 litera
906 3875 1079 3944 utrumque
1094 3881 1162 3926 rer-

137 3967 214 4030 bum
229 3964 407 4048 occupavit,
422 3979 455 4028 et
468 3964 562 4027 ambo
577 3962 719 4048 quamvis
736 3962 854 4026 diversa
868 3963 899 4026 in
915 3985 1011 4027 unam
1028 3962 1163 4029 formam
1197 4001 1204 4015 ν

138 4067 257 4152 coegit.
284 4065 388 4150 I'gitur
400 4064 466 4145 θέω,
484 4082 579 4154 pono,
588 4066 683 4150 longe
697 4065 783 4129 aliud
797 4067 839 4129 est
852 4088 888 4129 ac
902 4066 968 4145 θέω,
983 4091 1082 4130 curro:
1102 4067 1177 4134 hoo'

137 4169 224 4233 enim
245 4168 370 4252 proprie
390 4170 432 4233 est
451 4169 517 4246 σέω,
537 4166 694 4232 ἰΙΙοάτέιο.
729 4169 780 4232 Ac
801 4195 820 4231 τ
839 4167 968 4254 quidem
984 4169 1165 4254 frequenter
1205 4176 1211 4186 ‘
1306 4201 1316 4228 ι

138 4271 172 4336 in
187 4276 207 4335 θ
222 4268 339 4352 abiiss'e,
357 4296 376 4335 o
394 4287 428 4338 ot
447 4299 466 4335 τ
485 4285 665 4359 permutata
680 4269 781 4353 suido,
803 4287 840 4337 ut
862 4272 981 4338 nemini
1000 4272 1163 4360 ignonun,
