2684 4762
229 329 283 389 DII
297 328 481 389 DISCERN.
495 328 618 388 ADUL.
632 330 685 389 AB
698 328 843 388 AMICO.
858 337 942 406 p.70.
952 330 985 389 E.
1066 339 1125 403 529

92 492 249 580 citiumqnc
272 492 387 557 dicandi
409 493 503 556 eadum
525 493 556 555 in
575 491 634 557 loca
656 471 930 579 visperisaciebnt,
950 505 1040 582 atquc
1061 517 1124 556 mm
1224 544 1229 550 .

92 597 200 658 δειλινὸν
228 595 383 680 περίπατοι
409 592 594 682 appellabat,
624 593 708 657 illum
733 593 857 657 altanum
872 597 971 682 ⁴snpra
997 595 1122 658 subtuli:

90 708 213 783 utraque
226 697 302 759 enim
317 709 440 783 tempore
459 694 616 760 ambulans
629 697 797 783 diffircbat.
833 696 982 761 Aliomm
1004 695 1064 760 hac
1085 695 1125 759 dc

92 794 271 861 differentia
292 797 513 862 annotationes
536 797 781 862 memoravimus
803 797 835 862 in
856 797 1025 882 Praeceptis
1048 797 1125 863 Phi-

90 893 244 980 Iosophiae
267 895 396 982 Logicae
419 897 482 960 III.
502 916 530 958 1.
546 919 577 983 9.
613 896 778 984 Diogenes
798 897 952 961 Laertius
964 896 995 959 in
1015 896 1124 960 Theo-

89 995 207 1082 phrasti
222 996 342 1084 scriptis
355 998 398 1061 V.
414 1000 468 1077 46.
491 998 633 1062 recenset
647 1005 787 1077 Δειλινῶν,
809 987 887 1079 αἶ,
909 1001 939 1063 in
963 1021 1029 1084 quo
1050 999 1125 1062 sub·

90 1096 288 1161 audiendum
310 1099 472 1182 ετεριπίιπαιι
492 1097 541 1162 vel
564 1097 716 1186 διατςιέῶι·
751 1123 813 1164 non
838 1114 1051 1164 memoratum
1073 1100 1125 1164 in·

91 1198 283 1283 terpretibus
300 1219 359 1262 nec
381 1197 522 1262 Fabricio
540 1198 669 1284 quidem
690 1200 844 1265 biblioth.
860 1203 919 1264 Gr.
933 1199 1009 1264 Vol.
1026 1202 1070 1263 11.
1092 1221 1124 1285 p.

90 1299 167 1379 246.
182 1301 213 1363 J.
225 1299 364 1362 Meurfio
375 1301 575 1365 nominatum
585 1301 617 1364 in
628 1301 843 1388 Theophrasto
851 1305 953 1367 Num.
967 1303 1124 1367 CXVIII.

90 1420 127 1485 p.
146 1417 196 1462 10.
220 1412 253 1462 at
268 1398 355 1462 nulla
367 1398 632 1464 aniinadverfione
647 1401 845 1488 explicitum.
877 1405 920 1466 Et
934 1402 1002 1466 aliis
1017 1403 1124 1466 homi-

91 1497 186 1563 nibus
200 1498 298 1585 vulgo
313 1496 531 1584 pomeridiana
548 1499 725 1564 ambulatio
746 1502 880 1567 usltatat
905 1502 1038 1569 Luciani
1061 1503 1126 1568 huc

89 1598 213 1684 speltat
233 1602 311 1664 Jove
335 1602 430 1686 Trag.
444 1602 483 1664 T.
500 1601 544 1665 ll.
566 1623 599 1686 p.
617 1602 698 1686 659:
723 1601 785 1687 lysi
800 1604 839 1683 bi,
860 1602 947 1666 ἐδέπα
968 1608 1026 1688 γὰρ
1047 1604 1126 1667 πάνυ

89 1703 143 1779 ὀψὲ
166 1700 208 1782 ἦν,
228 1706 346 1778 buin-bas
364 1705 400 1776 εἰς
420 1703 452 1763 ab
473 1700 538 1780 ἄςυ,
558 1705 593 1776 ὠς
613 1705 837 1788 περιπατήσαιμι
858 1707 890 1766 τὸ
912 1707 1021 1768 δειλινὸν
1039 1709 1065 1768 ἓν
1087 1709 1128 1790 τῷ

90 1811 310 1892 Κεραμεικῷ-.
340 1802 464 1868 -AEIIani
484 1805 561 1867 Var.
576 1803 657 1867 Hist.
682 1806 725 1867 ll.
740 1824 784 1889 5:
808 1804 974 1879 αἰιιοῦταιπες
996 1813 1019 1868 al
1040 1805 1139 1892 ἔφοροι
1252 1792 1260 1811 ’

89 1903 312 1986 Λακεδαιμονίων
340 1905 401 1978 τοὺς
428 1902 577 1967 Δεκέλειαν
600 1900 812 1979 sucumbimus
837 1905 986 1992 περιπάτῳ
1010 1912 1137 1993 χρῆθαι’

91 2009 206 2090 bamini,
226 2004 366 2078 ἔπε’ςειλαιι
387 2009 477 2079 αὐτοῖς
499 2009 549 2082 Μὴ
567 2009 758 2092 περιπατεῖτε.
795 2007 850 2072 Ad
872 2008 1060 2073 Graecorum
1074 2031 1126 2073 ra-

87 2110 215 2175 tionem
229 2107 490 2195 philosophatum
508 2107 587 2171 itam
605 2107 869 2173 antemeridianas
883 2123 916 2173 et
931 2110 1126 2196 pomeridia-

91 2235 148 2277 nas
170 2211 293 2276 scholas
315 2210 433 2274 habere
452 2209 572 2274 solebat
592 2209 719 2287 Cicem,
739 2209 848 2273 sedens
865 2224 921 2274 aut
936 2210 1125 2276 ambulans:

89 2316 183 2382 Tulc.
200 2318 227 2379 I.
242 2335 283 2395 4:
308 2316 420 2378 Ponere
430 2311 588 2400 jubebam,
612 2313 648 2374 dc
670 2335 726 2399 quo
747 2313 813 2400 qais
832 2313 938 2378 audica
951 2313 1063 2378 uallet.-
1085 2315 1140 2378 ad'

50 2461 53 2465 -
90 2419 127 2482 id
139 2418 304 2504 autscdens
319 2428 374 2479 aut
388 2413 545 2478 ambulans
561 2414 758 2500 disputabam.
789 2414 896 2502 ltaque
908 2414 1021 2480 dicrum
1035 2416 1126 2502 qnin-

88 2544 146 2609 quc
159 2519 292 2604 scholas,
315 2530 350 2580 ut
378 2516 480 2580 Graeci
498 2515 663 2603 appellant,
691 2516 724 2578 in
747 2516 865 2580 totidem
890 2515 980 2579 libros
1007 2518 1126 2581 contuli.

91 2622 137 2684 II.
151 2639 171 2704 3
186 2645 194 2683 s
218 2618 338 2705 ltaque,
353 2641 416 2680 cum
431 2627 501 2679 antc
514 2615 663 2679 meridiem
677 2615 798 2680 dictioni
815 2631 932 2704 opernm
945 2616 1128 2703 dcdiffcmus,

77 2720 128 2806 fic
142 2732 176 2783 ut
193 2716 294 2806 pridie
303 2717 497 2800 sicarumus3
518 2712 578 2802 post
591 2715 740 2778 meridiem
755 2715 787 2778 in
801 2716 996 2780 Academiam
1010 2719 1045 2780 du
1059 2741 1127 2782 cni-

90 2821 241 2885 dimus-.
287 2816 344 2902 Est
363 2818 458 2900 igitur
482 2816 703 2879 ambulantibus
728 2818 771 2878 ad
793 2819 870 2880 bunc
893 2818 1011 2883 madum
1027 2822 1127 2905 sermo

90 2919 143 2986 illc
167 2917 250 2983 nobis
273 2915 431 3000 institutus.
471 2913 707 2978 lbid.f1n.26:
740 2915 816 2978 Cras
839 2916 934 3003 igitur
955 2919 997 2979 ad
1017 2919 1126 3004 cleps·-

89 3027 179 3096 dram
194 3020 216 3083 i.
228 3041 258 3083 e.
285 3017 338 3101 (ad
356 3015 614 3097 declamandum)
630 3028 712 3079 t-ct
725 3014 806 3079 illud
822 3018 938 3104 quidem
954 3030 1023 3080 aute
1037 3020 1125 3081 incri-

91 3127 190 3190 dicms
211 3126 263 3188 boc
281 3125 377 3188 codem
392 3136 531 3210 tempore:
558 3121 592 3207 (i.
609 3145 639 3186 e.
658 3122 733 3200 hoc,
754 3122 793 3187 de
813 3123 1015 3210 philosophia
1033 3119 1134 3190 difls-'

91 3250 172 3307 rere,
195 3227 308 3292 eodem
328 3241 474 3312 tempore
496 3225 743 3312 pomeridiano).
782 3228 899 3313 III.3:
932 3227 972 3291 Ut
993 3229 1069 3291 cuim
1094 3231 1141 3291 in·

88 3330 286 3395 Academiam
307 3326 432 3413 nostram
456 3328 665 3415 dusimdimus,
686 3328 825 3393 inclinato
834 3330 905 3417 jam
924 3331 957 3392 in
976 3328 1126 3416 postmeri-

90 3432 214 3496 ilianum
230 3443 340 3517 tempus
354 3430 412 3507 dic,
428 3429 540 3515 poposci
555 3428 682 3516 aliquem
696 3454 807 3510 cursim,
821 3432 872 3517 qui
887 3431 1024 3510 adunant,
1041 3433 1139 3520 caus*
1168 3453 1172 3460 ’

80 3535 153 3621 sam
167 3533 332 3617 disircndi.
361 3534 418 3596 IV.
428 3553 460 3612 4.
476 3533 559 3613 V.4.
583 3534 717 3618 Leg.II.
731 3553 760 3597 1.
783 3534 834 3598 De
851 3535 906 3598 Or.
925 3536 950 3597 I.
968 3552 999 3617 7.
1031 3536 1075 3599 11.
1093 3536 1136 3600 In·

90 3636 164 3700 fine.
194 3636 256 3698 III.
269 3654 301 3719 5.
315 3654 377 3720 30:
400 3658 502 3698 -non
522 3632 559 3719 ss
576 3647 738 3720 paucarum
760 3634 923 3698 libellorum
950 3637 1000 3700 boc
1022 3659 1127 3701 macnus

88 3759 225 3823 -ncquc
243 3735 411 3823 Tusculani,
435 3746 524 3823 atquc
545 3734 632 3823 bsn'us
652 3732 861 3823 ambulationis
883 3736 1128 3801 antnmridianae

90 3848 145 3899 aut
160 3833 265 3920 nostrae
278 3834 489 3921 pomeridiana
500 3835 644 3922 seffionis.
675 3836 750 3898 Hoc
763 3833 836 3901 satis
851 3837 893 3900 est
908 3837 948 3901 ad
961 3837 1126 3903 vindican-

91 3935 167 3999 dam
190 3934 353 4021 vulgatam
374 3935 545 4000 Iebtionem
561 3936 918 4024 commendandamque
939 3960 1004 4023 pras
1026 3939 1135 4004 altera
1266 3948 1268 3952 ‘

91 4044 118 4102 ἐν
140 4043 258 4122 Δελφοῖς
280 4037 420 4124 διατριέῇι
446 4061 640 4126 quamquam
656 4053 690 4102 et
704 4038 748 4102 ibi
763 4062 839 4102 cum
854 4040 1016 4125 discipulis
1032 4039 1139 4105 dille-⁸

90 4140 157 4205 ruit
169 4140 364 4204 Ammonius
378 4165 408 4205 ν.
424 4162 454 4203 c.
470 4141 503 4205 in
518 4141 607 4204 libris
623 4143 672 4205 De
687 4147 728 4204 El
743 4140 833 4227 apud
851 4139 1010 4227 Delphos,
1025 4156 1058 4206 et
1073 4145 1126 4209 De

90 4242 231 4309 Defessa
254 4241 478 4310 oraculorum.
521 4243 612 4310 Juffit
634 4243 733 4330 igitur
754 4243 949 4309 Ammonius
973 4245 1125 4312 libertum

135 4363 223 4409 vos..
240 4363 294 4410 ιιι.
584 4364 610 4407 m
625 4366 658 4408 m
