2684 4762
298 336 300 340 ·
347 319 404 382 DE
423 319 648 381 AUDIENDIS
669 319 816 382 pomis,
834 320 979 398 p.14.D.
1121 330 1177 397 1⁵9

150 483 235 548 diua
253 481 375 549 auribus
393 483 561 572 percipere.-
584 482 753 548 sedetiam
773 483 889 548 tralata
906 485 1049 563 notione,
1072 482 1178 571 legere,
1260 494 1264 503 '

151 581 232 648 secla
245 582 294 648 vel
307 582 389 647 diua
402 584 540 673 accipere,
555 599 589 650 et
606 583 770 669 intelligere
782 584 981 672 interpretari.
1015 584 1105 671 Quas
1119 606 1179 647 no·

155 684 260 747 tiones
282 681 321 747 T.
335 683 479 747 Krebfius
498 683 540 747 ad
558 683 644 747 hunc
660 682 769 746 locum
790 683 959 770 diligenter
975 683 1123 769 exponit:
1146 696 1180 748 et

149 805 215 848 nos
243 803 329 847 nunc
354 782 563 848 satisfacimus
588 783 665 848 huic
690 783 945 849 animadversoni
973 784 1181 870 fignificandis

151 882 377 969 exemplorum
399 883 535 970 paginis.
580 883 632 948 Sic
652 882 752 968 igitur
778 883 882 946 ἀκούειν
903 883 1034 968 usurpat
1056 882 1180 947 Plutar-

151 985 236 1050 chus
264 985 349 1071 Opp.
372 986 460 1049 Mor.
489 1005 522 1070 p.
538 985 610 1070 659.
634 985 671 1048 E.
701 983 772 1067 788.
794 984 832 1046 B.
861 983 935 1068 898.
956 983 996 1046 C.
1026 969 1117 1063 i004.
1136 985 1181 1048 D.

159 1089 252 1151 1006.
267 1087 304 1149 E.
331 1086 426 1169 1ο36.
440 1087 479 1148 Ε.
504 1101 596 1168 1050.
612 1086 651 1148 E.
678 1084 820 1148 naas.
843 1084 912 1147 Vit.
925 1102 978 1169 92.
992 1083 1032 1147 C.
1056 1085 1128 1165 614.
1139 1085 1181 1148 A.

156 1186 310 1254 Aristides
323 1187 362 1251 T.
376 1187 420 1249 ll.
435 1207 468 1271 p.
478 1205 554 1270 303.
577 1186 744 1273 Longinus
755 1188 806 1250 De
817 1186 953 1251 sublim.
968 1187 1050 1273 Cap.
1061 1188 1184 1254 XLIII.
1214 1262 1216 1264 ,

159 1286 354 1374 Porphyrius
367 1288 419 1351 De
432 1288 538 1351 Antro
551 1286 698 1373 Nymph.
713 1287 745 1374 ᾗ.
759 1290 809 1351 16.
846 1289 1025 1353 Athenaeus
1044 1289 1127 1353 forte
1140 1288 1186 1354 ita

152 1388 366 1475 ¹corrigendus
379 1401 458 1467 erat,
472 1386 513 1452 de
527 1389 592 1473 quo
609 1386 735 1453 dubitat
749 1389 955 1455 Casaubonus
968 1411 999 1475 p.
1011 1390 1087 1472 486.
1102 1393 1141 1456 E.

151 1542 156 1550 .
201 1485 399 1570 Discentern,
420 1512 515 1575 quem
537 1489 600 1555 hoc
622 1489 704 1554 libro
722 1491 856 1556 instituit
872 1491 1072 1572 Plutarchus,
1095 1507 1187 1560 vocat

159 1590 226 1670 νέον,
238 1592 405 1677 juvenem:
428 1589 503 1670 hoc,
524 1604 688 1678 tamquam
708 1591 895 1671 honestiore,
918 1593 1048 1659 nomine
1069 1594 1186 1681 signifi·

152 1713 235 1756 ,oans
257 1712 344 1770 eum,
364 1712 461 1777 quem
483 1691 649 1755 communi
667 1691 725 1755 usu
736 1695 829 1755 παῖδα
847 1707 971 1779 puerum
985 1715 1097 1759 vocare
1111 1709 1185 1780 pot·

160 1804 241 1858 erat.
284 1792 412 1856 Etenim
440 1793 609 1856 Poetarum
632 1791 740 1871 lectio,
762 1809 849 1857 certe
873 1794 964 1857 initia
989 1794 1070 1882 ejus,
1096 1812 1188 1862 erant

160 1891 291 1980 puerilis
312 1891 529 1971 institutionis,
558 1892 677 1958 tradita
697 1915 717 1956 a
738 1895 974 1958 Grammaticis.
1017 1894 1081 1959 Sed
1103 1896 1189 1981 apud

153 1996 419 2064 Grammaticus]
441 2017 521 2081 puer
542 1995 584 2059 ad
605 2008 734 2060 aetatem
759 1995 823 2059 fere
852 1995 996 2059 adulmm
1023 1999 1188 2062 manebat:

156 2098 237 2165 inde
251 2096 553 2164 transferebaturad
568 2096 755 2175 Rhetorem,
772 2096 828 2181 qui
850 2097 904 2161 suu
924 2097 1002 2160 item
1017 2097 1189 2164 institutio-

159 2224 215 2280 ne,
236 2223 311 2266 cum
329 2198 519 2263 trastatione
532 2198 729 2284 optimorum
743 2198 853 2263 solutae
874 2198 1026 2262 orationis
1046 2200 1189 2287 Scripto-

153 2324 236 2369 .mm
254 2300 426 2374 sessionem
448 2321 577 2386 quoque
600 2301 768 2364 Poetarum
790 2298 1084 2385 compleslebatur:
1107 2315 1193 2370 utet
1285 2294 1287 2303 ’

160 2402 295 2470 aliunde
307 2401 484 2487 colligitur,
497 2423 535 2466 ac
550 2400 662 2465 diserte
677 2400 1029 2488 pmdthuinsiilianus
1044 2403 1117 2468 Inst.
1133 2405 1191 2470 Or.

163 2508 211 2573 11.
228 2524 259 2572 2.
290 2503 354 2569 Sed
370 2503 560 2568 Plutarchus
574 2501 718 2566 docentem
732 2501 872 2566 universe
886 2502 1044 2583 nominat,
1059 2525 1119 2568 neo
1132 2527 1193 2569 no·

162 2605 312 2673 minatim
323 2604 592 2683 Grammaticum,
607 2615 664 2666 aut
677 2603 863 2681 Rhetorem,
878 2617 932 2685 aut
947 2604 1191 2691 Philosophum:

161 2707 340 2773 discentem
357 2717 450 2771 vocat
470 2704 535 2785 νέον,
555 2703 653 2769 veluti
676 2726 708 2790 p.
726 2723 775 2784 14.
792 2706 831 2782 E,
842 2706 876 2768 P.
902 2718 952 2788 15.
967 2706 1010 2769 D.
1036 2707 1087 2768 18.
1101 2707 1140 2785 Β,
1153 2706 1193 2771 C.

156 2806 1193 2891 mDQOhmDQRDmamhR

143 2935 145 2938 ’
163 2911 219 2978 28.
230 2910 275 2974 Ε
298 2927 350 2996 29.
364 2911 404 2974 B.
426 2929 480 2992 3ο.
495 2912 534 2973 Ε.
556 2929 609 2994 31.
625 2911 668 2974 Α.
691 2928 744 2993 34.
759 2909 798 2972 C.
808 2911 842 2972 F.
864 2912 919 2994 36.
935 2911 979 2973 Ι).
1001 2928 1055 2994 37.
1070 2912 1114 2974 A.
1152 2915 1195 2977 Et

155 3031 361 3098 quamquam
382 3009 436 3084 νέος
460 3011 585 3095 proprie
607 3008 809 3094 distinguitur
829 3030 849 3070 a
869 3010 964 3088 varst,
986 3008 1032 3072 illi
1052 3009 1196 3095 philoso-

157 3110 257 3199 -phia,
281 3109 358 3175 huic
377 3112 536 3194 μαθήματα
557 3108 787 3196 adjunguntur,
810 3132 839 3171 v.
860 3128 889 3173 c.
912 3108 945 3176 iu
967 3111 1137 3175 Amatorio
1162 3133 1196 3197 p.

168 3215 244 3296 769.
259 3213 308 3277 E:
331 3212 453 3300 sagoirlu
466 3212 493 3273 si
507 3209 725 3291 xalpatlpara
739 3211 845 3282 παῖδας
860 3208 1027 3295 ἀρχομένας,
1049 3209 1095 3290 καὶ
1117 3227 1197 3292 φιλο-

167 3313 254 3398 σοφία
271 3313 350 3389 slas:
374 3327 482 3378 tamen
501 3333 588 3376 nunc
603 3310 755 3396 fignificat
769 3309 924 3394 puerilem
939 3323 1068 3374 atatem
1082 3311 1137 3375 lilii
1151 3312 1199 3377 sui

170 3414 297 3494 Soclnri,
311 3415 440 3502 ejusque
454 3413 584 3499 aequalis
600 3411 754 3489 Cleandri,
768 3410 822 3474 filii
836 3412 886 3474 M.
899 3409 1025 3491 Sedati3
1048 3410 1088 3475 ad
1101 3436 1199 3500 quem

159 3514 258 3581 hunc
272 3515 393 3580 librum
405 3512 523 3591 scribit,
537 3525 576 3575 ut
593 3523 825 3597 congruentem
844 3509 1032 3577 institutioni
1048 3512 1199 3598 filiorum,

169 3615 289 3703 quippe
303 3634 475 3701 puerorum
492 3624 527 3676 et
544 3609 652 3674 adhuc
666 3612 722 3675 sub
736 3609 914 3698 paedagogo
929 3610 1137 3700 degentium:
1165 3638 1198 3702 p.

172 3731 225 3800 15.
239 3719 283 3783 A.
308 3718 359 3782 18.
375 3719 415 3782 E.
436 3718 490 3802 36.
505 3717 550 3780 D.
581 3714 850 3780 Poetarumenim
865 3712 996 3780 lestioni
1008 3716 1101 3782 inesse
1114 3739 1199 3805 prae·

170 3818 371 3904 pastionem
384 3816 506 3904 ingenii
518 3815 560 3880 ad
582 3815 815 3903 Philosophiam
838 3836 870 3901 p.
887 3828 938 3898 15.
952 3817 988 3880 F.
1009 3817 1064 3900 36.
1078 3819 1122 3881 D.
1144 3836 1199 3903 37.

168 3922 221 3988 Aa
234 3920 326 4010 cujus
337 3923 369 3987 se
384 3919 616 4006 studiojuvenis
631 3918 762 3983 demum
773 3915 943 4004 pueritiam
957 3917 1106 4003 egressus,
1121 3920 1199 3983 ado·

163 4022 354 4089 ,sescentiam
373 4021 538 4110 ingressus,
559 4019 698 4108 deposta
715 4021 793 4085 veste
811 4017 939 4106 puerili,
961 4018 1081 4084 tradit:
1104 4042 1200 4105 quem

173 4147 297 4190 morem
324 4124 428 4188 nostra
452 4121 716 4207 interpretatione
735 4119 904 4207 attigimus
925 4118 965 4183 ad
987 4118 1114 4187 initium
1131 4120 1203 4189 libri

173 4229 243 4314 tagl
257 4233 292 4292 τῦ
305 4226 423 4307 dussis,
437 4227 486 4292 De
500 4224 591 4291 Baua
604 4223 759 4293 Audimdi
773 4221 909 4303 Ratione,
922 4245 955 4310 p.
965 4235 1020 4307 37.
1035 4221 1076 4289 C.
