2684 4762
147 338 208 394 ³42
287 308 325 392 u'.
339 323 390 388 w.
410 330 618 393 nummu
639 330 687 393 111
706 328 940 394 uncinos
959 326 1048 390 un.

150 505 239 560 tatur
265 505 304 560 ut
330 494 659 584 monguntinis—ciii
680 493 865 580 heumalo
902 494 1008 561 Porro
1034 494 1064 554 cl
1085 483 1199 569 fin,

60 606 64 612 '
150 615 209 660 non
234 593 318 672 mali,
345 595 473 660 malitia
496 609 636 686 expertes,
648 596 810 686 simplices,
832 618 884 660 nec
904 594 961 683 ipſs
977 587 1063 659 mali
1087 613 1146 655 nec
1166 586 1200 652 Ie

151 695 221 762 aliis
234 694 521 785 malesuspiccnles:
543 697 697 764 videndus
712 696 938 776 Ruhnkenius,
957 708 994 762 et
1013 693 1075 783 qui
1098 692 1144 759 ab
1162 708 1198 756 ω

152 797 305 878 citantur,
328 797 370 863 ad
387 800 498 864 Temni
518 803 595 865 Iex.
614 801 692 866 Plat.
715 822 750 888 p.
768 803 820 865 16.
854 798 951 878 Tum,
972 800 1026 861 olo
1048 793 1198 882 Ιλὶγχκι

151 898 199 962 tle
209 896 405 984 Ἡράκλειτον,
428 924 485 964 non
504 897 645 986 refellunt
665 899 866 979 Heraclitum,
885 896 918 964 id
937 897 994 975 est,
1016 894 1197 985 confimal

152 997 305 1063 Heracliti
329 999 451 1079 ditium,
481 1000 567 1087 quod
592 1000 777 1088 frequenter
802 998 881 1066 dicit
902 995 1103 1064 Plutarchus
1120 1020 1195 1082 pep-

152 1105 240 1187 τυριῑν
263 1126 327 1179 τινι,
349 1101 476 1187 alicujus
497 1103 606 1167 dilium
619 1103 679 1191 suo
696 1101 823 1194 exemplo
844 1100 1041 1188 comprobare,
1064 1097 1196 1185 dequo

154 1202 230 1268 alibi
244 1225 460 1290 exponemus:
484 1203 530 1268 ita
543 1205 614 1270 sane
632 1204 754 1284 malim,
769 1218 804 1269 et
818 1202 958 1269 Reissdus
972 1200 1047 1291 jem
1059 1200 1112 1265 itu
1124 1196 1194 1264 scd·

153 1302 256 1369 didit:
280 1318 355 1368 nam
371 1303 445 1385 fuit,
460 1327 560 1392 quum
583 1304 719 1372 delendo
740 1309 801 1385 οὐκ,
823 1304 979 1391 inlusos
1001 1323 1064 1391 pro
1088 1298 1194 1388 confir·

154 1416 240 1470 marl
260 1405 451 1492 acciperem,
465 1429 538 1493 quae
554 1407 681 1494 propria
694 1406 835 1494 quidem,
851 1405 903 1471 sed
919 1404 1032 1484 rarior,
1048 1404 1096 1468 est
1111 1399 1194 1468 verbi

45 1570 48 1577 .
155 1507 268 1572 notio:
293 1520 331 1572 ut
344 1506 394 1572 vel
408 1507 494 1594 apud
509 1509 554 1575 H.
569 1508 769 1594 Stephanum
783 1509 826 1572 est
843 1507 948 1573 videre
963 1505 1062 1571 Thes.
1077 1506 1121 1570 1..
1138 1505 1193 1570 Gr.

155 1609 194 1674 T.
210 1609 238 1674 l.
261 1630 294 1696 p.
314 1627 407 1695 1174.
442 1613 495 1676 De
509 1609 667 1676 Heracliti
689 1612 751 1677 hoc
774 1611 860 1676 dicto
881 1609 1071 1674 monuimus
1096 1606 1140 1673 nd
1161 1626 1193 1693 p.

157 1710 210 1775 28.
226 1711 271 1776 D.
316 1711 434 1776 Nescio
463 1710 540 1799 quid
569 1711 764 1778 Crulerianoe
786 1710 916 1777 serlioni
943 1707 1113 1789 occiderit,
1141 1706 1194 1773 ubi

156 1810 331 1877 Heraclitus
352 1814 386 1879 in
413 1813 570 1879 Herculem
591 1827 624 1879 et
646 1816 736 1901 prosa
758 1814 790 1879 in
816 1835 945 1879 carmen
970 1812 1071 1878 abiit:
1097 1824 1194 1897 utque

156 1914 235 1980 item
250 1917 353 2003 supra,
372 1917 484 1982 omisso
496 1917 594 1982 etium
610 1916 766 1981 Heracliti
781 1916 923 1982 nomine.

200 2038 233 2105 p.
247 2038 301 2099 41.
316 2019 360 2084 A.
382 2028 436 2084 τῶν
450 2017 653 2104 ἇγωνιζσμὲνων
667 2019 906 2105 ὠμενῇ-σικςὸν
919 2015 1064 2102 lfao-anie]
1087 2012 1193 2101 Ἀγᾶ,

156 2120 343 2204 symconis,
367 2120 493 2207 proprie
515 2117 555 2184 de
577 2118 661 2185 civili
675 2119 820 2184 oratione
834 2117 866 2183 in
881 2117 952 2184 foro
965 2129 1023 2182 aut
1036 2116 1194 2182 concione

125 2248 132 2257 ·
157 2224 253 2303 valet,
273 2220 406 2287 invaluit
426 2223 530 2308 postea
549 2222 646 2286 etiam
667 2221 709 2286 de
729 2243 848 2309 genere
869 2218 1054 2286 scholastico
1076 2240 1116 2284 uc
1138 2215 1194 2284 de·

156 2321 357 2400 clamatori0‚
384 2335 420 2386 ut
444 2345 521 2387 mox
543 2343 574 2408 p.
590 2342 644 2405 44.
669 2323 709 2388 C.
740 2322 824 2387 infra
837 2335 911 2404 417.
933 2323 968 2386 F.
1001 2320 1081 2407 985.
1097 2319 1140 2386 C.
1162 2330 1195 2386 et

157 2436 274 2512 praeter
289 2423 559 2511 lexicographos,
575 2424 693 2489 docent
709 2425 748 2490 L.
762 2422 931 2489 Ctesollius
938 2421 1083 2487 'lheatro
1094 2422 1195 2510 Soph.

159 2527 221 2591 111.
239 2543 290 2610 17.
313 2547 347 2612 p.
363 2527 436 2610 256.
453 2526 517 2611 seq.
552 2529 611 2590 Ez.
628 2526 842 2613 spanhemius
861 2524 902 2591 ad
922 2523 1043 2590 Julinni
1060 2524 1154 2590 Orut.
1168 2525 1196 2590 I.

157 2640 192 2713 p.
208 2644 257 2689 10.
274 2626 337 2713 seq.
354 2624 446 2711 cujus
460 2624 568 2690 locum
583 2648 623 2693 ex
637 2626 691 2690 illa
704 2625 849 2692 oratione
865 2646 903 2714 ρ.
915 2645 947 2712 3.
963 2627 989 2690 Β
1002 2651 1011 2690 z
1034 2633 1091 2690 τῶν
1105 2625 1197 2712 λόγω

157 2731 294 2814 ἀκροατὴν
315 2731 410 2810 εὐμενῆ
432 2725 563 2812 γενέθαι,
589 2729 639 2814 ixl
662 2729 689 2791 ii
710 2725 808 2814 ἄκριὸἦ
831 2726 876 2807 nol
898 2726 1088 2815 &sepultum
1106 2731 1199 2816 :pair

158 2832 321 2909 suracim,
349 2849 426 2891 cum
450 2826 513 2892 hoc
537 2826 697 2892 Plutarchi
720 2826 794 2892 loco
820 2841 858 2892 ut
881 2828 984 2892 abeo
1010 2827 1197 2915 profectum

158 2928 283 2996 contuli
299 2930 334 2996 in
353 2927 508 2994 Biblioth.
530 2929 612 2995 Coit.
627 2929 703 2994 Vol.
720 2931 749 2996 1.
772 2932 854 2995 Part.
871 2932 897 2994 1.
921 2951 953 3017 p.
967 2949 1021 3011 41.
1067 2929 1199 2996 Similes

158 3030 315 3097 dicliones
344 3032 525 3096 notavimus
555 3031 647 3118 supra
674 3053 706 3119 p.
726 3033 778 3100 28.
800 3033 843 3097 A.
888 3031 1052 3096 Caetemm
1081 3037 1198 3113 θεατὴς,

147 3137 311 3224 speciatur,
334 3136 424 3200 fimul
446 3149 538 3201 notat
559 3125 742 3214 creditorem
766 3157 854 3215 cum,
876 3135 950 3222 quis
971 3148 1142 3223 tamquam
1165 3135 1199 3203 in

158 3239 299 3320 thestio,
322 3239 486 3328 utriusque
509 3239 613 3304 sensus
635 3238 843 3326 conjunlium
867 3237 1008 3302 cernitur
1026 3237 1197 3303 officium:

159 3353 243 3421 tum,
259 3343 333 3428 quia
354 3342 467 3420 vidore,
491 3355 526 3406 ut
549 3342 681 3406 verbum
703 3341 808 3406 sensus
822 3339 964 3405 latiffime
986 3334 1143 3427 patentis,
1157 3341 1199 3407 de

159 3443 289 3530 reliquis
307 3444 403 3509 etiam
418 3445 566 3524 senibus,
585 3457 618 3509 ct
636 3443 701 3530 ipsa
720 3443 838 3508 mentis
860 3442 1046 3530 cognitione
1062 3443 1199 3531 usurpa·

158 3553 224 3610 tur.
261 3547 311 3610 Ita
325 3550 424 3622 θεατὴς
437 3544 478 3609 de
497 3545 643 3612 auditore
662 3545 792 3632 ponitur
805 3567 825 3611 a
840 3545 1012 3611 Plutarcho
1026 3546 1059 3611 iu
1076 3546 1200 3613 Pericle

158 3662 192 3736 p.
211 3666 282 3731 152.
300 3650 335 3713 F.
361 3667 432 3734 ¹53·
447 3646 486 3711 B.
524 3648 612 3713 Nam
625 3652 754 3736 apocopa
771 3650 814 3731 est
831 3649 1047 3738 pronunciatio,
1062 3664 1101 3714 ut
1114 3651 1200 3717 bene

158 3748 266 3817 reddit
289 3749 461 3836 Amyotus,
485 3771 550 3813 uon
572 3749 714 3814 universe
733 3749 820 3828 ollio,
842 3764 880 3813 ut
892 3765 1055 3815 verterunt
1069 3751 1198 3840 Xylin-

159 3849 271 3916 deret
296 3848 471 3914 emserius.
509 3848 699 3916 Plutarchus
722 3850 754 3915 in
777 3851 993 3916 Demosthene
1015 3873 1049 3938 p.
1067 3853 1144 3940 849.
1159 3857 1199 3935 B,

158 3955 313 4040 προφορὰν,
332 3950 613 4037 pronunciationem,
628 3949 704 4017 fucit
720 3966 841 4038 partem
857 3950 1033 4040 locupletus,
1049 3953 1198 4019 ociores:

157 4052 325 4119 videantur
338 4066 371 4117 et
385 4052 567 4140 Stephanus
580 4053 674 4119 Thes.
690 4056 729 4118 Ι..
745 4054 803 4118 Gr.
818 4055 857 4119 T.
870 4055 929 4118 lV.
949 4075 983 4141 p.
999 4054 1072 4119 116.
1087 4069 1121 4122 et
1136 4056 1199 4124 aliu

159 4153 192 4217 in
214 4157 245 4218 J.
260 4155 300 4219 C.
314 4154 376 4219 Th.
392 4155 511 4220 Ernesti
527 4154 645 4221 lexico
658 4152 858 4242 Technolog.
873 4175 906 4241 p.
920 4173 993 4242 209.

202 4274 256 4336 41.
269 4258 305 4322 Β.
328 4259 364 4332 ὥς
384 4262 488 4323 πολλὰ
507 4255 815 4345 ψευδῆ-ὲνὲιχὸμενοι]
842 4258 895 4335 Ὠς
917 4278 993 4323 cum
1015 4256 1200 4327 indicativo
