2684 4762
147 333 209 394 :oo
293 328 394 393 uw.
407 331 615 394 nunmov.
635 304 684 395 ni
704 333 934 396 suurnncm
954 330 1036 396 111.

152 494 397 579 admonitiones,
425 497 565 584 Epideti
589 497 719 564 Dissert.
746 502 808 563 Ill.
832 519 894 585 23:
928 494 1082 564 Musonii
1107 493 1197 584 apud

60 635 66 650 ·
152 599 294 664 Gellium
308 603 350 667 V.
368 621 402 666 1:
426 602 531 668 Attali
544 601 630 688 apud
645 605 797 668 Senecam
812 601 909 689 Epist.
924 600 1057 666 CVIII.

168 738 171 743 ·
193 718 248 787 37.
264 703 304 768 C.
332 708 434 790 χολὴν]
474 704 666 769 Notavimus
692 703 732 769 ad
756 726 788 790 p.
813 718 864 788 15.
889 702 933 769 A.
977 698 1197 768 Vocabulum

153 801 285 868 subinde
298 804 342 868 ita
356 805 555 892 usurpaturo
569 805 691 870 Graecis
699 818 738 870 et
752 805 888 883 Latinis,
901 817 940 868 ut
953 802 1116 890 fignificet
1128 798 1193 867 dis·

154 902 355 969 sertationem
369 905 418 970 vel
433 905 679 992 disputationem
695 906 849 971 continue
866 904 1011 971 oratione
1031 903 1068 968 in
1084 900 1196 968 schola

153 1027 173 1068 a
190 1004 380 1091 philosopho
394 1006 537 1071 habitam
552 1006 611 1071 five
625 1006 774 1087 dicendo,
791 1007 850 1071 srve
862 1004 1014 1092 legendo,
1028 1003 1093 1070 sive
1106 1004 1191 1090 post-

152 1127 192 1170 ea
212 1105 444 1193 conscriptam:
467 1107 554 1194 quod
572 1109 724 1195 exemplis
743 1108 912 1174 declaravit
931 1109 962 1173 J.
982 1107 1134 1172 Davisius
1151 1103 1191 1169 ed

153 1206 319 1272 Ciceronis
341 1209 433 1273 Tusc.
455 1211 483 1272 1.
498 1229 531 1291 4.
552 1223 585 1274 et
605 1223 680 1274 ante
701 1233 776 1274 eum
798 1211 831 1274 P.
845 1207 1008 1276 Vislorius
1031 1207 1191 1294 Castigat.

152 1305 186 1370 in
202 1307 349 1373 Ciceron.
372 1330 405 1394 p.
423 1310 496 1393 287.
512 1309 591 1374 edit.
607 1310 732 1398 Gryph.
767 1310 867 1396 Apud
887 1308 1100 1374 Plutarchum
1113 1308 1189 1373 item

153 1407 202 1472 bis
217 1408 262 1472 ita
275 1409 496 1495 accipiendum
510 1411 600 1496 Opp.
615 1413 702 1476 Mor.
717 1434 751 1499 p.
764 1429 838 1497 790.
853 1413 896 1476 D.
911 1424 944 1476 et
958 1411 1034 1494 796.
1048 1409 1094 1474 C.

195 1526 250 1594 37.
268 1511 308 1575 C.
332 1507 516 1599 elleaslps]
543 1514 582 1577 In
605 1512 763 1579 sodalibus
779 1513 914 1578 filiorum
934 1511 1103 1576 Plutarchi
1120 1533 1189 1576 me·

153 1623 298 1676 moratur
318 1611 492 1692 Nicander,
513 1613 709 1700 Euthydami
731 1613 824 1693 tilius,
845 1614 877 1678 in
895 1613 976 1679 libro
997 1615 1051 1678 De
1071 1614 1188 1679 Solert.

153 1710 296 1777 Animal.
322 1735 355 1799 p.
370 1715 444 1801 965.
460 1714 509 1780 C:
533 1728 568 1781 et
588 1714 749 1780 Nicander
773 1714 910 1802 Delphis
936 1716 1028 1803 ἱερεὺς,
1056 1716 1112 1796 De
1133 1717 1188 1795 El,

153 1837 188 1903 p.
200 1817 276 1902 386.
289 1819 315 1882 B
330 1844 337 1882 :
361 1832 395 1882 et
407 1818 546 1905 Delphis
560 1821 713 1908 ωςοφῆτης,
727 1821 779 1884 De
792 1819 931 1885 Defetlu
946 1819 1041 1882 Orac.
1057 1841 1092 1904 p.
1106 1820 1188 1905 438:

153 1940 227 2005 quae
255 1919 338 1984 sorte
368 1920 477 1985 omnia
506 1920 547 1985 ad
573 1920 723 1986 eumdem
754 1922 842 1985 hunc
873 1918 1036 2006 pertinent
1062 1920 1189 1986 Nicen-

154 2021 261 2088 drum.

196 2143 251 2210 37.
264 2125 304 2191 C.
327 2125 490 2211 ἄπέςαλκα]
509 2126 604 2190 Mino
619 2124 757 2190 reddunt
773 2124 976 2209 interpretes:
1001 2122 1088 2189 reste
1103 2121 1188 2203 sane,

153 2226 196 2292 ad
219 2228 282 2292 vim
305 2229 487 2308 sententiae3
515 2228 556 2292 ad
577 2227 838 2293 consuetudinem
858 2227 979 2290 Graecae
999 2225 1191 2312 Latinaeque

153 2326 287 2414 lingue,
310 2341 435 2413 poterat
455 2327 504 2391 vel
527 2327 665 2392 Praesens
686 2327 733 2391 vel
757 2325 955 2390 Praeteritum
977 2324 1068 2410 poni.
1114 2326 1190 2390 Hoc

154 2427 286 2514 quidem
310 2429 353 2492 est
376 2428 408 2492 in
434 2427 523 2515 simili
544 2442 736 2516 argumento
761 2427 875 2492 scholae
898 2427 947 2509 De
968 2407 1132 2514 sapienda
1154 2448 1192 2489 ex

154 2528 285 2594 Inimici:
304 2528 441 2594 Utilitas:
460 2528 687 2595 conscribenda
706 2543 740 2594 et
758 2529 862 2594 amico
876 2527 1095 2593 inscribenda:
1119 2526 1193 2617 :lug

154 2628 199 2694 οὖν
218 2634 254 2704 εἰς
270 2637 352 2693 τοῦτο
368 2630 456 2716 πρῴην
478 2634 558 2710 εἰπεῖν
570 2656 617 2713 μοι
632 2628 749 2717 rapis-n,
764 2629 933 2714 συναγαγὼν
951 2633 1005 2711 tp&
1022 2655 1051 2692 r:
1064 2633 1122 2703 τοῖς
1135 2633 1191 2692 aii·

153 2733 209 2804 τοῖς
232 2729 358 2812 ὀνόμασιν
372 2729 522 2803 &sicanus
536 2757 591 2794 σοι.
627 2732 665 2795 ln
681 2731 736 2795 tali
752 2731 822 2811 usu,
843 2732 996 2796 Rationem
1014 2731 1192 2821 Temperans

152 2829 300 2921 postulare
315 2832 503 2896 Praeteritum
518 2832 551 2896 in
565 2832 685 2898 Latinis
698 2822 834 2921 quidm}
844 2832 941 2898 tradit
953 2832 1057 2919 gravis
1076 2835 1194 2900 auselor

153 2933 237 3000 J.A.
248 2934 396 2998 Erneslus
411 2934 486 2998 lnit.
502 2933 665 3000 Rhetoric.
680 2935 711 3022 §.
725 2936 797 3018 285.
813 2935 845 2998 in
859 2933 999 3020 Epssotis
1013 2957 1076 2997 eum
1089 2937 1195 3021 smo

60 3090 63 3103 .
153 3037 250 3124 estde
273 3038 359 3102 rebus
383 3038 561 3125 trarfituris,
588 3048 745 3125 antequam
770 3063 813 3101 ece
837 3038 1023 3100 reddantur:
1046 3059 1122 3123 quae
1140 3038 1194 3104 lex

154 3163 350 3229 quamquam
367 3140 509 3207 universe
529 3139 563 3204 in
583 3139 736 3226 majorem
754 3153 877 3224 partem
896 3139 990 3217 valet,
1004 3139 1126 3204 multas
1140 3153 1193 3205 ta·

154 3263 230 3309 men
246 3245 344 3308 habet
357 3241 560 3328 exceptiones
574 3239 660 3327 apud
674 3240 776 3326 ipsum
790 3239 872 3304 adeo
887 3239 1097 3304 Ciceronem:
1122 3240 1193 3306 vel-

154 3342 215 3422 uti,
232 3342 371 3410 Praesens
384 3340 514 3427 ponitur
534 3342 593 3426 Ep.
608 3339 729 3404 Divers.
745 3343 772 3404 Ι.
785 3357 816 3422 7.
834 3356 885 3423 27.
909 3341 968 3403 IX.
985 3344 1035 3407 16.
1052 3359 1084 3405 2.
1125 3344 1193 3406 Fu-

154 3456 265 3508 turum
280 3445 339 3509 Vl.
360 3463 408 3524 14.
423 3463 456 3529 3.
481 3445 541 3507 IX.
559 3456 609 3526 15.
632 3443 710 3505 Xll.
728 3443 778 3506 18.
818 3441 995 3506 Persetlum
1009 3463 1084 3505 cum
1103 3444 1193 3509 Prae·

154 3545 244 3610 sente
257 3546 319 3608 xl.
332 3545 363 3609 8.
391 3544 486 3608 Coelii
499 3544 683 3630 V111.9.5:
710 3545 807 3609 10.8:
834 3546 885 3607 16.
899 3563 929 3610 2.
955 3544 1061 3609 Planci
1076 3546 1122 3610 X.
1138 3564 1191 3632 15.

155 3663 209 3714 21.
226 3645 322 3713 6-8.
359 3647 401 3710 Et
415 3645 481 3731 ipsa
493 3664 599 3709 rerum
614 3658 728 3710 nature
749 3645 821 3724 sert,
836 3656 873 3708 ut
890 3645 922 3709 in
938 3645 1094 3731 Epistolis,
1112 3669 1193 3734 pro-

153 3747 203 3812 uti
216 3746 249 3811 in
265 3746 483 3825 Orationibus,
500 3742 561 3809 tria
572 3746 731 3831 Tempora
748 3743 856 3809 locum
880 3747 1029 3825 habeant,
1048 3747 1082 3811 in
1098 3751 1194 3834 prin-

153 3848 240 3936 cipio
255 3850 423 3928 Futurum,
432 3846 583 3934 scribam:
606 3847 638 3910 in
653 3844 759 3938 medio
776 3847 923 3927 Praesens,
943 3847 1054 3932 scribo:
1078 3849 1111 3914 in
1128 3853 1195 3919 line

155 3951 366 4030 Praeteritum,
378 3949 495 4037 scripst.
534 3947 602 4012 Sed
620 3946 702 4011 viam
720 3960 842 4011 neturae
856 3947 975 4034 migrat
988 3949 1198 4018 consuetudo

153 4051 187 4116 in
202 4051 311 4139 primis
333 4052 393 4116 hac
415 4051 447 4114 in
465 4064 566 4137 parte,
583 4049 817 4136 ut·frcquenter
832 4050 1032 4115 Praeteritum
1046 4051 1079 4115 in
1095 4054 1194 4139 prin·

154 4152 239 4239 cipio
252 4165 374 4240 ponat:
397 4166 494 4238 atque
515 4152 561 4215 ita
579 4153 622 4216 est
642 4150 674 4216 in
693 4151 755 4217 illis
780 4152 939 4218 Plutarchi
960 4153 1051 4232 loeis,
1067 4168 1102 4219 et
1118 4158 1197 4224 aliis

153 4252 205 4320 his
218 4255 404 4343 Opp.Mor.
417 4277 451 4343 p.
466 4255 590 4323 roan.
614 4253 744 4340 243.A.
768 4254 896 4341 645.C.
920 4254 1065 4320 1086.C.
1090 4257 1197 4326 vita-
