2684 4762
166 318 209 372 30
250 310 521 405 ΑΝῙΜΑΒἿ.ἸΝ
534 313 606 372 LIB.
620 313 675 372 DE
688 310 862 373 EDUCAT.
878 310 1117 375 PUERORUM.

164 470 240 538 ciles
262 494 391 553 moneo,
409 474 431 539 'fi
451 474 535 541 forte
552 473 712 539 rationum
725 495 868 539 mearum
884 473 958 552 vim,
977 473 1138 562 hujustque
1154 475 1194 541 li·

164 574 239 641 belli
254 577 286 639 in
304 577 407 640 forma
420 588 453 640 et
466 577 608 641 oratione
621 598 640 639 a
653 574 813 662 germanis
834 575 993 640 Plutarchi
1005 576 1130 662 scriptis
1145 576 1192 642 di·

164 678 351 758 verfitatem,
367 679 472 743 minus
486 679 683 767 perceperint
698 701 735 743 ac
750 678 909 757 senserint,
924 666 1081 744 ut'secum
1097 702 1190 767 repu-

76 859 80 867 .
163 786 235 842 tent
249 779 335 842 hunc
350 779 471 843 sensum
490 802 554 844 non
579 779 632 842 nifi
652 777 752 864 longo
767 777 917 843 Auctoris
933 777 990 841 usu
1003 779 1190 865 comparari,

163 900 224 943 nec
245 878 417 944 rationibus
439 879 629 966 explicandis
649 878 682 943 ln
701 878 837 945 aliorum
854 876 977 942 animos
997 877 1120 958 inferri,
1139 878 1189 943 sed

162 978 359 1043 audloritatis
381 979 473 1044 instar
493 979 638 1044 obtinere
650 1005 660 1057 ;
684 978 794 1064 igitur,
817 979 838 1041 li
859 977 949 1041 usum
971 975 1053 1040 mihi
1073 999 1188 1042 conoe-

162 1078 257 1159 dunt,
280 1081 400 1157 neceffs
421 1080 481 1151 effe
501 1094 539 1151 ut
559 1079 658 1149 etium
670 1080 791 1157 sensum
807 1078 888 1156 mihi
902 1077 1093 1157 qoueedant
1109 1077 1186 1165 ejus·

161 1202 225 1267 que
245 1181 465 1246 studiositatem
487 1179 572 1267 apud
597 1181 629 1244 se
650 1179 751 1245 valere
775 1181 947 1267 patiantur.
991 1180 1132 1268 Utrique
1153 1193 1188 1245 ut

160 1280 299 1345 rationes
313 1281 428 1344 nostras
443 1293 476 1344 et
488 1280 611 1355 facilius
624 1281 672 1355 aff
706 1295 822 1355 uantur
839 1293 873 1343 et
893 1279 1072 1343 accuratius
1085 1279 1187 1368 perci·

161 1379 261 1468 piant,
284 1403 389 1446 earum
412 1380 654 1467 explicationem
676 1402 695 1444 a
738 1379 877 1446 universa
897 1379 1023 1468 generis
1042 1378 1186 1447 distribu-

161 1481 250 1547 tione
265 1495 454 1568 repetamus.
712 1526 715 1530 ι

205 1583 309 1695 Igitpr
330 1597 416 1647 notae
434 1582 550 1670 quibus
568 1583 689 1670 spurius
711 1583 857 1648 oenseurr
877 1579 989 1668 aliquis
1008 1581 1103 1662 liber,
1117 1582 1186 1648 sunt

162 1681 211 1746 vel
231 1684 374 1763 intemae,
398 1686 446 1750 vel
467 1700 615 1751 extemae.
661 1686 831 1771 Utriusque
851 1683 976 1769 generis
991 1683 1103 1748 formae
1117 1685 1187 1749 sunt

160 1785 282 1849 multae.
326 1788 483 1865 murts,
498 1788 667 1874 praeeiproe
689 1785 829 1887 quum.
853 1781 1034 1882 huiusmodi
1046 1783 1140 1853 tunt:
1165 1785 1184 1849 fi

159 1884 241 1951 liber
256 1885 325 1972 jam
349 1886 389 1950 ab
413 1885 564 1972 Antiquis
587 1886 706 1972 spurius
727 1883 854 1961 habitus
877 1885 939 1948 est:
971 1883 992 1946 fi
1016 1883 1057 1948 ab
1079 1883 1185 1950 iisdem

159 1987 284 2074 prolata
304 1989 363 2054 sint
384 1988 530 2075 quaedarn
552 2010 591 2051 ex
614 1987 709 2074 hujus
732 1984 868 2050 nominis
887 1996 921 2050 et
937 1984 1088 2050 Audioris
1105 1986 1186 2053 libro

158 2111 231 2177 quae
253 2090 410 2178 hodieque
432 2091 464 2155 in
487 2113 525 2154 eo
544 2112 608 2154 non
625 2091 745 2152 sallom
759 2109 819 2151 neo
836 2086 944 2152 locum
962 2086 1143 2154 inveniant:
1165 2089 1184 2152 li

158 2193 294 2279 Antiqui
315 2194 356 2256 de
377 2216 416 2256 eo
438 2205 564 2255 taceant
586 2191 642 2253 ubi
663 2188 858 2252 mentionem
877 2188 980 2253 lacere
997 2188 1183 2274 debuiffem,

157 2305 215 2354 aut
235 2304 414 2356 memorent
435 2290 490 2353 sub
510 2288 638 2367 alterius
657 2287 787 2363 nomino
805 2289 962 2363 sudoris:
985 2290 1070 2355 srrcs
1085 2293 1183 2356 facta·

157 2411 219 2475 que
238 2390 270 2453 in
290 2413 328 2454 eo
349 2386 523 2487 prodantur
542 2386 737 2484 incredibilia
757 2401 791 2452 et
810 2389 973 2454 communi
987 2390 1183 2478 antiquitatis

156 2489 226 2554 uful
240 2511 277 2553 ac
293 2489 470 2554 testimonio
485 2488 714 2577 repugnantias
738 2490 758 2554 s
773 2511 824 2554 res
836 2491 989 2577 vocesque
1002 2506 1182 2572 cosumus,

156 2605 252 2657 aetate
271 2590 420 2670 audioris,
442 2591 533 2678 cujus
554 2591 684 2674 nomine
703 2591 784 2656 libor
805 2592 916 2671 fertur,
933 2589 1076 2656 nondum
1091 2593 1182 2658 faus

156 2715 261 2781 neque
275 2693 431 2779 cognitae:
456 2693 564 2773 veluti,
579 2706 616 2758 ut
631 2695 692 2759 hoc
707 2707 790 2772 utar,
806 2694 837 2757 in
853 2692 1024 2758 Phalaridis
1039 2693 1183 2780 Epistol'u

156 2792 337 2895 frequentas
355 2796 426 2867 llsnt
446 2793 625 2881 hujusmodi
640 2808 726 2859 notro
739 2816 759 2858 a
772 2792 917 2860 Borrtleio
931 2793 1136 2881 deprehensas
1148 2810 1181 2863 st

155 2895 301 2960 mouns.
344 2896 458 2981 Estque
479 2893 541 2971 hoe
562 2917 665 2981 genus
686 2894 731 2958 ita
751 2894 783 2968 in
805 2906 934 2981 promtu
955 2895 1182 2985 manifestoque

155 2996 301 3084 politum,
317 3010 355 3061 ut
368 2997 470 3072 dodilo
488 2995 619 3084 quidem
633 2995 725 3061 facile
741 2995 774 3060 in
795 2997 905 3062 oculos
919 2995 1071 3076 incurrat,
1084 3012 1120 3062 et
1133 3000 1181 3064 ss,

154 3099 220 3164 mel
231 3099 388 3163 ollsnsum
400 3090 504 3162 otiam'
514 3098 619 3163 minus
631 3096 745 3162 dubios
759 3113 895 3164 moveat.
940 3099 1079 3176 lutense
1094 3113 1180 3177 osta

153 3199 186 3267 ln
200 3225 240 3268 eo
254 3215 449 3267 cernuntur:
471 3214 520 3279 ut,
535 3220 600 3263 non
614 3198 741 3285 quidem
754 3200 795 3263 ab
808 3198 862 3263 ills
873 3213 980 3279 aetato,
992 3198 1046 3265 ssd
1058 3203 1101 3266 ab
1114 3202 1181 3291 ipso

153 3304 297 3373 Asson
316 3302 428 3368 alienas
445 3301 523 3366 sint:
546 3315 584 3366 ut
603 3297 769 3377 differendi
790 3300 881 3380 ratio,
903 3315 1178 3388 argumentorum,

152 3417 397 3501 preceptorum,
411 3403 629 3491 exernplorum
648 3400 801 3484 debitus,
816 3402 984 3490 dispoldo,
998 3404 1178 3491 explicatio,

153 3515 191 3566 ut
204 3503 355 3567 orationls
370 3505 498 3568 habitus
517 3527 592 3569 cum
614 3505 647 3573 in
667 3504 796 3592 fingulis
809 3504 921 3584 verbis,
935 3516 1006 3569 tum
1019 3505 1053 3569 in
1067 3527 1179 3572 somn

152 3605 388 3691 sumpotslona,
407 3618 478 3677 tum
499 3606 533 3669 ln
547 3606 773 3683 lustontiarum
786 3608 1039 3679 conformatione
1051 3623 1087 3674 st
1099 3632 1180 3679 oon*

151 3705 340 3786 undatione,
362 3708 403 3777 as
427 3707 578 3772 Audieris
602 3708 829 3774 consuetudins
849 3723 884 3774 st
905 3710 1038 3797 ingenio
1058 3713 1178 3789 ablior-

150 3819 253 3875 rems.
296 3808 394 3896 Quod
411 3831 515 3898 genus
534 3808 699 3897 plerosque
719 3809 819 3875 lstetr
842 3834 901 3877 nso
915 3812 970 3876 nlll
982 3814 1024 3878 ab
1035 3813 1097 3895 his,
1112 3827 1180 3880 ets

148 3912 260 4000 paucis
283 3911 363 3976 adeo
388 3898 516 3992 lterum,
540 3910 798 3986 anluudvortltur
819 3913 875 4000 qul
897 3937 962 3980 non
983 3914 1083 3981 modo
1103 3917 1178 3981 uui·

149 4013 243 4078 versa
256 4011 451 4099 antiquitatis
465 4026 499 4078 ot
518 4012 636 4099 linguis
650 4013 778 4088 solantia
790 4004 928 4097 valeant„
940 4014 993 4080 fed
1006 4016 1177 4103 peculiari·

147 4129 199 4180 ter
219 4117 298 4219 ejus,
321 4116 361 4182 de
381 4140 446 4205 quo
459 4100 621 4204 quaeritur,
637 4117 785 4183 Auiton's
802 4118 901 4206 longo
915 4121 972 4185 usu
986 4134 1021 4184 et
1038 4122 1177 4188 formam

148 4215 256 4281 animo
268 4217 445 4305 impsum
457 4232 492 4283 st
503 4217 681 4286 orationem
693 4217 821 4297 ruribus
832 4219 916 4310 qiud
937 4234 972 4300 ot
990 4220 1080 4289 sessu
1091 4244 1176 4315 cog·
