2684 4762
215 350 274 402 212
359 340 397 400 D.
409 343 460 400 W.
474 339 682 400 ANIMADV.
701 340 750 400 IN
771 338 1001 399 PLUTARCHI
1022 337 1095 396 LIB.

345 505 449 571 Σκαιὸν
462 531 489 568 τι
501 510 603 591 χρῆμα
617 509 741 581 metirer,
756 506 797 581 ἦτ’
812 502 931 590 ἀπειρία.

219 605 383 672 Caeterum
410 610 499 670 τοῖσδε
525 606 657 671 Grotius
682 605 772 670 dedit
800 630 864 670 non
894 605 994 670 solum
1021 603 1052 667 in
1080 600 1250 688 Florilegio

215 696 285 775 ’1.ο.
302 711 353 774 sed
368 724 401 775 et
416 711 447 774 in
463 711 626 797 Excerptis
642 734 674 798 p.
690 731 765 792 421.
780 724 814 776 et
827 713 859 775 in
876 710 1027 797 peculiari
1041 707 1136 794 hujus
1159 705 1249 770 Plut-

220 812 327 877 archei
340 812 412 876 libri
426 811 578 893 editione,
596 812 764 899 Florilegio
778 812 932 898 praernilia
950 833 982 896 p.
1001 831 1052 877 21.
1096 810 1138 872 Et
1161 807 1250 871 plut.

220 913 328 977 archei
352 914 479 979 codices
506 914 652 979 nonnulli
678 913 863 979 diffentiunt
889 937 908 978 a
936 913 1066 998 vulgata
1091 909 1250 974 leelionet

220 1019 302 1094 τῆσδε
319 1016 396 1081 Α1(1.
412 1018 481 1081 Bas.
503 1030 538 1080 at
559 1017 672 1082 diserte
690 1019 780 1080 τοῖσδε
799 1015 958 1101 Rodolph.
973 1029 1006 1079 et
1020 1016 1152 1079 Jannot.
1187 1012 1253 1074 At·

221 1132 329 1182 tamen
346 1116 474 1204 vulgata
492 1117 586 1183 unice
603 1118 646 1182 est
665 1116 839 1204 probanda.
876 1119 951 1181 Non
967 1115 1054 1179 enim
1068 1114 1110 1177 est
1126 1111 1250 1176 sensusz

220 1220 303 1285 Auri
317 1235 344 1283 te
360 1221 453 1306 copia,
469 1244 526 1283 non
540 1219 599 1282 illis
615 1220 711 1301 rebus,
727 1218 829 1282 laetari
843 1219 946 1281 decet?
969 1216 1051 1282 Sed:
1075 1216 1158 1279 Auri
1173 1213 1254 1299 copia

222 1335 250 1384 u
272 1320 384 1401 laetrri,
405 1320 471 1384 illos
486 1318 666 1399 adulterari,
681 1319 784 1383 dccet?
805 1320 857 1384 Est
871 1318 1053 1397 hominum,
1068 1339 1133 1380 non
1148 1336 1253 1380 rerum

223 1425 396 1512 oppofitio:
420 1438 457 1489 ut
471 1424 503 1489 in
519 1424 575 1488 illo
589 1446 627 1488 ex
643 1422 800 1488 Alcestide
816 1438 897 1506 702:

330 1526 441 1614 Χαῖςεις
456 1530 520 1612 δρῶν
535 1531 609 1607 φῶς;
631 1522 740 1611 πατέρα
753 1525 775 1585 δ’
790 1527 819 1586 οὐ
831 1522 941 1610 χαίρειν
955 1525 1049 1596 δοκεῖς·

224 1624 311 1712 quod
324 1626 450 1690 venuste
464 1628 586 1713 σαςῳδεῑ
601 1622 825 1710 Aristophanes
838 1622 1034 1709 Thesmoph.
1048 1640 1123 1686 201.

269 1748 321 1794 20.
337 1730 381 1794 D.
403 1726 476 1791 -ro'
496 1729 618 1804 δῆταδεῖ
638 1752 670 1789 σε
693 1727 802 1808 κάμνω
814 1727 880 1810 5-’-]
907 1722 1138 1789 Valckenarius
1157 1718 1254 1807 suspi-

224 1844 327 1910 catur,
351 1854 391 1896 ex
418 1831 578 1917 Euripidis
605 1828 770 1895 Palamede
798 1830 870 1909 effe,
896 1828 936 1892 ad
960 1826 1105 1892 Phoenils.
1131 1846 1164 1911 p.
1178 1840 1255 1907 447.

103 2016 110 2029 ·
226 1931 265 1997 ln
286 1932 373 1997 libris
393 1932 501 1996 nostris
520 1932 670 2020 posterior
684 1931 787 1996 versus
809 1931 854 1995 nil
873 1930 969 1995 habet
983 1929 1152 2006 varietatis,
1170 1927 1258 2014 prior

226 2034 378 2100 multum.
413 2034 490 2100 Ald.
507 2035 576 2100 Bas.
595 2062 623 2099 τι
637 2038 711 2099 deira
724 2038 764 2098 δεῖ
779 2061 811 2098 σε
828 2041 991 2099 κατθανεῖνε
1015 2034 1093 2098 item
1108 2031 1186 2120 Xyl.
1202 2030 1258 2095 nili

225 2137 314 2224 quod
329 2140 396 2214 δῆτα
411 2137 518 2203 habet.
553 2140 642 2205 lnter
654 2141 721 2215 δῆτα
735 2151 768 2204 et
782 2143 818 2203 δεῖ
832 2140 875 2203 est
890 2136 936 2201 lar
951 2137 983 2200 in
998 2138 1088 2201 An.
1097 2135 1137 2199 C.
1151 2133 1257 2198 Mose.

228 2259 258 2303 1.
274 2258 305 2303 2.
328 2239 420 2302 Harl.
449 2239 534 2303 Coll.
557 2242 641 2305 Nov.
660 2239 756 2305 Vulc.
777 2238 810 2303 in
831 2241 907 2305 Jun.
925 2242 965 2301 οὔ.
1012 2240 1108 2302 Porro
1132 2235 1258 2318 κάμνειν,

223 2338 314 2423 quod
327 2340 410 2403 abest
424 2339 456 2403 in
471 2339 549 2404 Ald.
566 2340 635 2405 Bas.
651 2340 728 2428 xyl.
745 2341 848 2405 Mose.
867 2359 896 2404 1.
911 2359 941 2407 2.
956 2337 1102 2424 Exempl.
1114 2337 1259 2403 Turneb.

228 2437 354 2503 addunt
366 2442 497 2504 Jannot.
513 2440 582 2505 Pol.
596 2453 630 2505 et
645 2441 765 2506 habent
786 2440 910 2527 reliqui.
945 2440 1093 2526 Denique
1108 2460 1167 2525 pro
1185 2464 1260 2501 aar·

226 2542 317 2602 θανεῖν
330 2539 450 2604 habent
470 2540 675 2624 κατθανέμενον
690 2541 730 2606 C.
743 2544 782 2606 E.
798 2542 884 2607 Coll.
900 2543 986 2607 Nov.
1000 2540 1096 2606 Vulc.
1111 2538 1261 2624 Exempl.

227 2638 368 2704 Turneb.
412 2642 455 2704 Et
469 2654 574 2705 toturn
588 2642 709 2706 versum
725 2641 770 2706 ita
782 2642 903 2706 habent
918 2642 959 2706 C.
974 2643 1014 2705 E.
1034 2640 1065 2704 rr'
1081 2643 1136 2718 δῆτ’
1150 2639 1210 2703 οὖσι
1224 2643 1264 2706 δεῖ

227 2764 260 2802 n
274 2737 489 2822 κατθανὲμενον·
512 2741 590 2806 item
603 2742 700 2807 Vule.
715 2755 851 2829 excepto
864 2746 933 2820 δῆτα
946 2765 1004 2831 pro
1019 2744 1085 2818 δῆτ’.

272 2860 325 2907 20.
340 2842 378 2905 E.
400 2845 456 2917 τοῖς
475 2847 501 2905 ir
520 2843 577 2920 ἤθει
593 2843 639 2924 aa)
655 2849 729 2927 perd
748 2847 864 2918 παιδιᾶς
882 2844 1063 2930 moleiras]
1091 2842 1134 2908 Iis
1152 2842 1263 2933 (116118,

228 2964 300 3031 quae
319 2957 414 3029 poeta
430 2949 504 3026 μετὰ
521 2949 649 3026 παιδιᾶς,
670 2944 772 3024 idest,
787 2945 932 3031 nonserr'o
954 2957 983 3008 et
1005 2945 1063 3033 ipse
1082 2944 1213 3031 probans
1228 2969 1266 3008 ar

226 3068 302 3108 vera
316 3044 472 3132 judicans,
493 3044 546 3111 sed
568 3051 594 3108 ἐν
615 3046 673 3122 ἤθει
686 3045 719 3109 in
739 3069 828 3126 more,
849 3045 882 3110 id
903 3048 958 3125 est,
981 3046 1108 3110 moribus
1129 3047 1268 3133 persona

227 3146 457 3225 accommodata,
478 3146 611 3233 profert.
647 3148 735 3213 Nam
755 3151 861 3211 παιδιὰ
880 3146 1054 3234 opponitur
1073 3151 1176 3234 πυδῇ.
1212 3150 1268 3215 Est

227 3262 337 3322 eutem
356 3246 430 3326 ἦθος,
450 3250 481 3311 τὸ
498 3247 616 3336 πρέπον,
637 3247 672 3312 ia
691 3249 773 3336 qaod
790 3249 917 3313 moribus
933 3273 969 3314 ar
985 3252 1120 3338 personae
1133 3249 1268 3338 olicrq'ur

228 3350 374 3427 convenit,
393 3349 518 3435 affialus
540 3373 707 3435 moramque
716 3348 915 3436 figniJicatio,
931 3372 1027 3437 quem
1049 3350 1146 3416 hodie
1167 3352 1268 3440 vulgo

228 3453 425 3517 ebaratlerem
450 3453 574 3534 dieunt,
595 3465 748 3540 notatque
767 3453 900 3519 affeeus
921 3453 1020 3533 lenes,
1040 3467 1079 3519 ut
1096 3453 1195 3529 πάθος
1210 3477 1267 3518 ve·

229 3552 408 3618 hementes.
458 3554 635 3619 Rhetorum
664 3553 706 3618 de
735 3553 798 3619 hoe
827 3568 1020 3642 argumento
1045 3569 1080 3620 et
1106 3556 1268 3622 vocabulo

230 3653 467 3740 usurpationem
481 3653 634 3740 diligente
648 3653 800 3720 brevitate
816 3656 961 3742 exposuit
979 3656 1032 3722 Jo.
1045 3655 1162 3721 Christ.
1175 3656 1268 3722 The·

230 3754 309 3841 oph.
334 3754 453 3818 Ernesti
476 3755 584 3820 Lexic.
607 3753 763 3835 Technol.
786 3777 820 3842 p.
838 3770 910 3840 153.
956 3757 1112 3844 Apposrte
1132 3755 1176 3820 ad
1197 3780 1270 3824 rem

230 3856 417 3947 praesentem
430 3854 618 3920 adhibeatur
632 3855 728 3919 srrnile
743 3854 864 3920 dietum
889 3856 1050 3922 Plutarchi
1072 3854 1113 3920 de
1127 3855 1269 3925 Adulat.

228 3972 263 4025 et
284 3956 393 4024 Amic.
415 3981 448 4044 p.
466 3973 518 4042 73.
533 3960 579 4020 E:
603 3962 629 4018 ἓν
647 3958 704 4034 ἤθει
723 3955 769 4035 καὶ
787 3960 848 4038 μετ’
869 3957 968 4032 εὐνοίας
988 3956 1192 4046 προσφέςιθοη
1212 3964 1270 4036 τοῖς

228 4061 419 4149 ἑααςτάνεσι,
443 4061 512 4146 fine
534 4058 582 4122 ira
605 4071 633 4120 ct
655 4058 772 4145 placide
800 4082 864 4123 aem
893 4059 1096 4125 benevolentia
1122 4061 1272 4147 corrigere

225 4175 390 4249 peccantes,
413 4161 446 4224 id
470 4164 524 4240 est,
547 4162 671 4246 affiemlo
692 4161 815 4249 persona
836 4162 960 4228 bominis
987 4162 1121 4228 benevoli
1146 4176 1175 4227 et
1203 4190 1271 4230 cunr

218 4263 441 4352 signficatione
455 4263 623 4329 amoribus
637 4260 857 4332 benevolentia.
893 4265 1060 4354 Diogenes
1079 4267 1189 4341 Inert-
1203 4267 1269 4337 Vl.
