2684 4762
221 373 280 423 502
358 364 398 425 D.
413 366 464 423 W.
484 365 691 424 ANIMADV.
713 367 760 426 IN
781 367 1013 455 rturancut
1034 366 1115 427 LIB.

224 526 335 599 δεύσεως
357 529 530 614 opponitur
550 537 589 615 τῷ
608 530 813 606 ἀνεπιτηδεύτως
833 530 878 607 aa)
897 534 925 593 ού
940 534 1020 593 κατὰ
1037 528 1170 615 σε’χνηνε
1197 528 1267 592 De·

224 625 395 689 mosthenis
414 627 468 691 Vi.
490 630 535 692 II.
557 650 589 715 p.
608 631 678 710 164.
701 630 777 692 item
797 629 909 692 eadem
931 643 1068 715 apparet
1091 626 1265 713 oppofitio.

137 746 142 755 ·
224 728 386 791 Lucianus
412 730 464 793 De
490 730 626 797 Historia
650 731 750 795 Scrib.
782 733 820 795 T.
839 733 881 794 II.
910 751 941 816 p.
956 748 1011 814 57.
1056 727 1266 794 Janrblichus

225 829 303 893 Vita
318 830 452 917 Pythag.
476 833 507 918 §.
523 834 585 913 64:
609 834 807 910 ἀνεπιτήδευτον
825 832 1035 920 καταφρόνησιν,
1052 829 1266 917 inaffle‘iatum

227 943 417 994 contemtume
441 932 518 996 item
535 934 566 1020 §.
586 935 656 999 188.
692 933 767 997 Alia
780 931 834 996 dat
850 935 895 995 H.
909 931 1095 1018 Stephanus
1110 930 1211 994 Thes.
1228 929 1263 991 L.

227 1032 286 1096 Gr.
303 1033 341 1122 Τ.
356 1035 381 1095 Ι.
398 1054 430 1118 p.
446 1053 537 1118 1219.
581 1036 696 1119 Neque
711 1048 817 1097 tamen
835 1033 985 1109 ἐπίκτητος,
1002 1029 1188 1116 adscititiun
1204 1029 1264 1090 im·

227 1133 361 1216 probem
375 1146 490 1220 utpote
504 1145 537 1196 et
552 1134 713 1197 sententia·
728 1133 800 1196 satis
814 1153 1005 1217 congruens,
1020 1144 1055 1194 et
1071 1130 1132 1194 usu
1145 1128 1264 1192 contir-

228 1246 365 1310 matum‚
380 1255 445 1318 quo
461 1232 591 1298 subinde
606 1234 637 1296 in
660 1234 776 1296 malam
791 1245 913 1318 partem
926 1230 1096 1315 accipitur.
1128 1229 1186 1293 Sic
1200 1230 1264 1293 Ga·

226 1333 540 1420 Ienus-Protreptico
561 1338 600 1399 T.
617 1337 661 1399 II.
684 1357 716 1420 p.
732 1356 764 1416 4.
781 1337 832 1399 D:
863 1334 904 1397 de
927 1331 1083 1397 Mercurii
1110 1329 1265 1418 imagine,

229 1434 365 1510 νεανίσκος
381 1437 435 1508 ἐςίν
448 1439 554 1520 ἀραῖος,
570 1441 618 1499 οὐκ
632 1436 772 1512 ἐπίκτητον
786 1437 842 1498 οὐδὲ
857 1435 1032 1517 κομμυπικέν
1054 1433 1131 1520 ἔχων
1143 1435 1178 1496 τέ
1193 1433 1265 1495 κάλ-

200 1614 205 1625 ,
230 1549 289 1614 λος,
305 1538 371 1599 ἀλλ’
385 1538 462 1611 εὐθὺς
478 1535 531 1609 οῖς-ε
551 1536 769 1619 rumpotinum
788 1541 836 1614 τὴν
856 1542 904 1613 τῆς
924 1539 1020 1621 ψυχῆς
1041 1538 1144 1622 &gerne
1163 1536 1196 1597 δι’
1213 1536 1265 1596 αύ-

229 1645 288 1699 τοῦ·
312 1637 368 1700 ubi
389 1639 466 1711 εὐθὺς
488 1637 519 1701 in
543 1639 639 1720 ἐμσυές
661 1636 852 1701 mutandum
872 1637 1053 1701 censuimus
1073 1635 1164 1700 BibI.
1185 1635 1265 1701 crit.

231 1736 307 1798 Vol.
322 1737 365 1800 II.
383 1740 464 1802 Part.
478 1740 522 1801 II.
539 1759 571 1823 p.
587 1757 658 1802 ιον.
690 1738 888 1802 Iamblichus
903 1739 971 1801 Vit.
989 1736 1130 1824 Pythag.
1152 1738 1182 1824 ξ.
1195 1755 1267 1821 205.

231 1837 287 1901 ubi
309 1841 421 1920 φυσικὸν
445 1838 603 1918 laudatur,
625 1839 765 1916 ἐπίκτητον
790 1838 1052 1924 reprehenditur:
1082 1839 1153 1917 τίνας
1172 1840 1200 1901 δέ
1218 1843 1268 1910 τὰς

231 1945 339 2015 πολλὰς
360 1950 413 2005 τῶν
433 1941 603 2027 ἀνθρωπίνων
625 1945 772 2023 ἐπιθυμιῶν
793 1941 936 2019 ἐπικτήτοις
957 1941 979 2026 οξ,
1004 1939 1271 2023 κατεσκευασμένας

233 2043 275 2102 ὑπ’
295 2045 454 2104 αὐτῶντῶν
475 2042 672 2127 ἀνθρώπων-’
695 2044 727 2105 τὸ
745 2044 795 2122 μέν
814 2047 873 2129 γοίς
892 2040 1049 2115 annuum
1068 2048 1118 2105 τοῦ
1139 2041 1271 2123 σοῖματος

232 2148 280 2217 της
293 2149 389 2229 τρυφῆς
403 2147 553 2225 ἐπιθυμεῖν,
568 2145 679 2225 φυσικὸν
693 2134 767 2222 είνοη·
793 2144 840 2205 καί
854 2143 947 2206 στάλιν
960 2145 991 2204 τέ
1010 2141 1270 2231 ἀναπληςαθένιος,

234 2243 369 2319 κενώσεως
389 2248 527 2326 ἐπιθυμεῖν
548 2250 595 2321 τῆς
617 2245 821 2329 προσηκούσης,
843 2246 955 2328 parteis
974 2242 1020 2322 xe)
1039 2249 1109 2306 σέτο
1136 2243 1215 2322 τίνας·
1240 2244 1271 2305 τέ

234 2347 261 2408 δὲ
276 2351 413 2430 ἐπιθυμεῖν
427 2347 566 2434 περιέργει
580 2353 687 2433 τροφῆς,
709 2346 724 2424 ἢ
744 2346 882 2433 πεμιέςγυ
896 2373 928 2410 τε
944 2344 990 2425 καῖ
1010 2350 1148 2432 τςνηφᾶς
1170 2343 1272 2421 ἐθῆτύς

234 2473 266 2510 σε
284 2449 305 2535 οὲ
321 2455 453 2536 ςμυιμνῆς,
475 2448 490 2526 ἢ
511 2447 648 2536 περιέργει
668 2474 698 2510 τε
718 2449 740 2533 οὲ
758 2453 920 2521 σολυτελές
941 2448 963 2533 ᾖ
981 2442 1117 2523 ποικίλης
1130 2448 1272 2525 οέκῆσεας,

235 2549 376 2637 ἐπίκτητον
390 2551 465 2628 είνας.
510 2551 552 2614 Et
568 2550 622 2612 nifi
642 2549 675 2612 in
694 2549 808 2615 malam
832 2562 968 2636 partem,
983 2560 1071 2612 certe
1085 2555 1198 2634 φυσικῷ
1212 2534 1271 2636 op·

236 2649 379 2733 ponitur,
403 2645 488 2735 qnod
510 2650 658 2734 frequens
680 2649 736 2711 fit:
768 2672 796 2710 v.
813 2671 842 2712 c.
868 2648 900 2710 in
918 2647 1145 2734 ¹disputatione
1170 2650 1271 2714 calli·

236 2738 585 2839 cratidae'Pythagorici
601 2772 652 2836 ap.
670 2752 761 2814 Stob.
777 2752 965 2814 LXXXIII.
995 2773 1026 2836 p.
1040 2752 1127 2835 485:
1164 2753 1271 2818 Plato·

237 2853 286 2917 nis
312 2853 445 2917 Phaedro
466 2875 499 2938 p.
515 2872 590 2936 341.
606 2853 653 2915 B:
677 2851 743 2915 duo
762 2851 816 2914 iIIa
837 2851 869 2915 in
889 2852 996 2915 animo
1019 2837 1180 2938 principia
1199 2878 1272 2918 rno-

236 2955 342 3034 vendi,
358 2962 373 3033 ἐη
385 2957 435 3038 μέν
448 2955 561 3036 ἔμφυτος
577 2953 647 3018 οὖσα
661 2955 793 3035 ἐπιθυμία
806 2957 909 3032 ἡδονῶν,
924 2952 999 3030 ἀλλη
1013 2956 1040 3015 δέ
1055 2953 1194 3031 ἐπίκίητος
1208 2957 1274 3036 θίξιν

238 3057 357 3140 ἐφιεμέιη
381 3065 428 3120 τοῦ
452 3055 545 3144 ἀμίςυ·
576 3055 662 3142 quod
686 3054 777 3119 multi
800 3057 871 3119 sunt
894 3055 1020 3134 imitati,
1047 3055 1081 3119 in
1104 3056 1160 3121 his
1184 3060 1274 3125 Dion

240 3162 353 3248 Chrys.
377 3162 433 3225 Or.
449 3162 527 3223 XII.
552 3182 584 3245 p.
601 3176 672 3243 205.
689 3161 739 3223 A:
763 3160 878 3246 mpsim
891 3160 940 3241 pie
954 3164 1078 3244 ἀτεχνῶς
1091 3165 1194 3244 πηγέην
1211 3162 1275 3224 ἐλί-

238 3289 335 3348 γομεν,
350 3266 396 3340 τὴν
411 3261 525 3343 ἔμφυτον
546 3259 649 3323 ἅπασιν
672 3260 820 3347 ἀνθρώποις
835 3258 1117 3346 ἐπίνοιαν-δευτέραν
1136 3264 1167 3324 δέ
1186 3277 1274 3348 λεγο-

239 3362 318 3446 μένην
338 3361 490 3439 ἐπίκτητον,
505 3362 526 3446 ᾖ
551 3364 596 3445 (διΙ
614 3360 752 3446 οὐδετὲμονν
767 3360 875 3445 vulgo)
900 3362 944 3422 διὰ
966 3358 1092 3446 δευτέςιυν
1105 3361 1277 3446 ἐγίινομένην

239 3463 301 3532 ταῖς
316 3463 423 3544 ιίυχοιῖς
451 3459 479 3540 (ir
494 3459 570 3538 del.)
589 3459 681 3543 λύγοις
699 3485 730 3520 τε
750 3458 795 3536 καῖ
808 3459 904 3539 μύθοις
918 3456 964 3534 καῖ
980 3458 1108 3521 {seer-³
1135 3461 1183 3525 ita
1200 3484 1276 3528 cot·

240 3561 382 3647 rigendae
412 3561 483 3623 sunt
510 3561 572 3623 IIIae
598 3559 796 3646 corruptelae.
841 3558 1172 3627 Pseudo-Plutarchus
1196 3564 1278 3630 item

240 3662 380 3738 ἐπίκτησιν
401 3663 476 3745 φύσει
500 3661 635 3748 opponit
659 3662 767 3727 Placit.
792 3661 905 3725 Philus.
928 3663 989 3724 III.
1009 3664 1042 3724 6.
1080 3665 1186 3730 Sensu
1211 3690 1279 3734 non

240 3766 381 3830 multum
403 3763 522 3828 diverso
544 3764 661 3828 dieitur
682 3763 814 3842 ἐτίθετυς,
829 3776 862 3827 et
880 3763 1057 3838 ἐπείσακτοςε
1082 3765 1208 3856 dequo
1227 3773 1281 3834 su.

242 3887 300 3952 pra
313 3864 514 3952 exposuimus
534 3885 566 3948 p.
581 3865 635 3950 38.
653 3864 700 3928 C:
725 3863 803 3927 illud
818 3863 892 3927 alibi
906 3863 1115 3950 attingemus.
1152 3870 1282 3951 Ἀναφέ-

243 3996 295 4056 ςαν
309 3967 534 4055 fignificatione
548 3981 659 4030 neutra
672 3966 825 4053 elegantis
841 3968 883 4030 est
898 3968 983 4044 usus,
998 3965 1038 4030 de
1054 3987 1121 4052 quo
1136 3969 1285 4060 diligen-

243 4086 293 4133 ter
315 4073 360 4134 H.
377 4069 558 4157 Stephanus
571 4069 663 4132 Thes.
680 4071 717 4132 L.
732 4071 789 4134 Gr.
809 4070 849 4133 T.
865 4070 923 4133 IV.
943 4090 975 4154 p.
990 4087 1043 4153 91.
1067 4084 1107 4132 ut
1121 4070 1203 4138 satis
1223 4075 1285 4141 ha·

243 4174 375 4235 beamus
399 4170 562 4235 Plutarchi
574 4168 661 4233 Iocos
677 4170 739 4233 suis
753 4170 877 4256 paginis
899 4156 1034 4235 no'taffe:
1054 4170 1104 4260 'est
1119 4175 1287 4260 universe,

244 4269 320 4336 tueri
332 4272 380 4359 se,
398 4294 456 4334 non
475 4268 599 4358 deprimi
611 4269 709 4340 veluti
729 4270 902 4357 immersum,
922 4267 974 4334 sed
988 4290 1151 4359 emergere,
1168 4263 1288 4346 coma,
