2684 4762
137 371 141 376 ·
211 335 265 393 DE
279 337 462 396 DISCERN.
477 336 598 396 ADUL.
612 338 665 395 AB
680 335 823 397 AMICO.
840 343 923 413 pol.
935 335 1012 402 Dm.
1064 341 1122 395 443

142 510 196 578 52.
211 497 257 560 D.
280 497 470 584 κατακείρεται
489 501 510 561 δ’
526 505 540 562 δ
556 499 664 584 σιἰγων
684 498 774 585 ὥσπερ
794 498 915 585 ἄκαρπον
928 499 1017 584 θέρος]
1053 497 1123 560 Ple-

101 616 199 679 raque
214 611 247 660 et
261 599 343 663 facta
356 612 389 662 et
403 599 487 664 diua
500 598 686 663 Adulatoris
697 599 901 664 Plutarchum
917 621 935 663 e
948 597 1124 663 Comoediis
1221 633 1223 637 ν

100 695 234 762 sumsrlle
248 698 398 763 credibile
411 700 466 779 est,
481 712 544 764 nort
560 700 661 764 solum
677 695 764 786 quod
779 701 812 763 in
834 700 987 786 plerisque
1001 698 1126 785 vestigia

103 799 272 863 modorum
298 814 462 886 apparent,
490 800 544 867 sed
567 801 654 887 quod
677 824 727 866 res
754 800 821 886 ip'sa
845 801 1000 866 comicum
1028 796 1127 865 habet

15 924 20 933 ‘
102 899 250 963 formam.
286 901 697 987 Velutihic,1<arouslpsso
713 902 822 986 πώγων
834 900 924 986 ιδττερ
938 900 1061 988 ἄκαρπον
1074 900 1125 979 δέ·

101 1025 164 1083 ροςι
188 1017 221 1065 et
236 1001 319 1065 idem
336 1002 479 1067 imitatus
498 1004 540 1067 est
556 1003 660 1067 Micb.
677 1003 793 1068 Psellus
815 1003 848 1067 iu
864 1002 1061 1067 Laudatione
1074 1002 1126 1066 Si-

105 1101 228 1165 meonis
251 1102 282 1182 b.
301 1120 334 1186 5.
360 1101 446 1188 apud
466 1102 644 1167 Fabricium
666 1103 819 1168 Biblioth.
843 1103 901 1167 Gr.
924 1102 1069 1167 Vol.Vl.
1093 1123 1127 1188 p.

102 1219 177 1287 515.
203 1203 243 1268 de
268 1204 465 1290 pbilosophis
489 1204 620 1293 dicens:
651 1210 731 1268 ἀλλὰ
755 1207 876 1293 μακροὺς
902 1207 952 1287 μὲν
978 1203 1128 1291 ἐξέθριδαν

103 1305 256 1388 πώγωνας,
278 1303 368 1391 ὥσπερ
386 1304 501 1392 ἄκαρπα
514 1303 592 1390 θέρη,
612 1305 634 1391 ιζ,
654 1306 809 1391 σκύθροντοι
824 1308 880 1378 τοῖς
896 1305 1053 1389 προσώποις
1073 1329 1127 1388 γι-

102 1408 214 1489 γόιατι.
258 1408 368 1472 Simile
383 1406 459 1493 quid
474 1407 508 1472 in
521 1407 691 1471 clientibus
706 1420 797 1471 notat
809 1405 968 1472 luvenalis
982 1408 1048 1471 Sat.
1065 1407 1127 1471 111.

107 1509 186 1572 186:
218 1507 275 1572 Illo
295 1509 376 1571 metit
401 1508 535 1586 horbam,
559 1508 667 1570 crinem
685 1509 733 1571 hic
752 1508 868 1595 deponit
888 1508 982 1571 amoti
993 1533 1003 1570 .·
1033 1505 1130 1571 Plena

105 1608 203 1671 domm
217 1608 286 1671 libis
301 1607 467 1671 vestalibus.

146 1729 200 1793 52.
211 1711 255 1774 Ι).
270 1712 405 1794 ψυκτῆρες
418 1709 445 1770 δὲ
460 1709 481 1793 οὲ
496 1707 605 1788 pratas,
620 1709 642 1793 ιζ,
656 1707 776 1792 γέλωτες
790 1712 816 1769 ἓν
828 1709 996 1794 περιπάτοις]
1021 1711 1130 1795 ψυκτὴρ

106 1811 199 1896 quale
215 1811 251 1873 fit
264 1832 317 1873 uas
331 1808 611 1893 compotatorium,
626 1808 791 1872 videantur
804 1808 893 1872 citati
906 1830 926 1872 a
938 1808 1130 1873 Ruhnkenio

107 1911 146 1974 ad
163 1912 246 1975 Tim.
268 1909 366 1974 Gloll.
390 1909 468 1973 Plat.
483 1909 515 1970 in
535 1929 631 1973 voce:
656 1921 689 1971 et
708 1908 792 1989 φιάλη
814 1908 907 1973 nobis
928 1908 1076 1993 explicita
1097 1908 1131 1972 in

106 2015 264 2077 Annotat.
281 2013 322 2076 ad
338 2010 461 2076 Seletta
478 2011 558 2075 Hist.
581 2013 639 2075 Gr.
659 2031 691 2096 p.
706 2027 781 2095 374.
818 2010 909 2076 Risus
930 2010 961 2074 in
985 2009 1131 2074 ambula·

108 2112 247 2176 tionibus
262 2110 396 2197 oppofiti
412 2110 483 2174 sunt
497 2109 757 2197 philosophorum
772 2108 941 2173 modestia.

149 2230 203 2295 5²·
217 2214 262 2276 D.
289 2211 432 2297 “llomp’
423 2238 449 2274 ιν
462 2209 726 2334 Συρακόσιος-ἐν
727 2209 860 2372 ὃΚίρκης]
894 2208 1107 2273 Plutarchus
1098 2232 1132 2273 m

108 2312 268 2398 Dionep.
284 2313 357 2396 963.
374 2311 414 2375 C.
436 2310 477 2375 de
490 2309 602 2374 eadem
619 2333 673 2375 re:
698 2308 777 2384 αἰδοδς
790 2309 1000 2390 δὶσυμντοτίων,
1014 2309 1060 2388 ηαδ
1073 2336 1132 2394 γη·

108 2415 248 2496 ματιομδς
269 2417 364 2491 αὐλῆς,
384 2410 430 2492 καὶ
447 2411 572 2498 ωραὸτης
592 2415 734 2474 αὐτοῦτοῦ
753 2411 869 2496 τυράννιι
890 2413 956 2496 περὶ
978 2436 1069 2483 ικαςα
1080 2437 1134 2477 των

106 2514 349 2600 χρηματιζομένων
372 2519 522 2596 δαυμαςοὶς
542 2512 662 2577 διέδωκεν
685 2512 764 2575 ἐλτδδ
764 2540 797 2587 ας
818 2510 972 2594 μεταέολης
996 2518 1051 2588 τοῖς
1072 2538 1133 2577 oro·

109 2618 209 2690 λίταις·
233 2620 303 2702 φοραὶ
324 2614 352 2678 δι’
368 2641 410 2689 τις
431 2613 460 2692 ἦν
479 2615 521 2677 ’ντὶ
540 2613 628 2698 λόγος
644 2611 691 2692 καὶ
703 2612 863 2696 φιλοσοφίαν
878 2613 1012 2677 ἁπάντων·
1037 2612 1083 2693 καὶ
1101 2615 1133 2678 τδ

108 2723 265 2803 τυραννεῖον,
291 2715 325 2792 ὣς
352 2736 431 2801 φασι,
457 2718 589 2805 κονιορτὸς
614 2717 663 2779 ιἰτδ
688 2717 817 2792 πλήθους
839 2723 893 2779 τῶν
913 2718 1134 2801 γεωμετρούντων

35 2863 36 2866 ¹
111 2825 242 2905 καλεῐχει.
267 2821 305 2882 In
320 2819 550 2884 Emendatione
562 2816 677 2902 Toupii
693 2817 732 2881 ad
747 2817 885 2903 [bugin.
902 2839 935 2902 p.
948 2835 1018 2902 175.
1033 2820 1135 2883 nostra

110 2922 209 2985 editio
224 2921 384 2984 Plutarchi
397 2920 504 2983 vitiose
520 2919 619 2983 habet
636 2923 662 2981 ir
679 2917 793 3004 Κίρκης,
813 2939 872 3002 pro
893 2923 924 2982 ἐκ
947 2919 1069 3005 Κίρκηςι
1094 2920 1134 2985 fic

111 3023 196 3086 enim
210 3021 352 3105 Toupius
370 3019 435 3105 legi
450 3017 559 3083 voluit.

152 3141 206 3208 52.
223 3127 259 3188 E.
281 3127 318 3184 τοὶ
331 3130 384 3184 τῶν
395 3121 528 3205 μεγάλων
543 3119 613 3205 ἔργα
627 3117 763 3199 κολάκων,
779 3121 801 3206 ιζ,
815 3123 918 3184 colrois
932 3123 1129 3211 δημαγωγῶν]

111 3225 318 3310 Demagogos
332 3221 391 3285 effe
413 3221 523 3307 populi
543 3219 734 3299 adulatores,
755 3223 821 3286 l'ere
842 3223 884 3284 est
907 3238 1134 3308 argumentum

112 3324 242 3410 Gorgiae
267 3322 428 3387 Platonis:
452 3320 540 3406 quod
560 3320 777 3405 compluribus
794 3322 1001 3386 Orationibus
1018 3328 1132 3391 conlu-

112 3429 247 3492 tandum
261 3425 312 3490 fibi
328 3424 489 3511 proposuit
503 3424 652 3489 Aristides
670 3424 823 3509 Sopbillo.
856 3427 910 3490 Ab
923 3425 1035 3490 eadem
1051 3428 1133 3492 fimi-

113 3529 248 3594 litudine
270 3549 442 3625 magnam
443 3524 616 3590 festivitatis
638 3539 760 3610 partem
781 3526 901 3591 invenit
919 3527 1135 3614 Aristophanis

114 3631 222 3695 sabula
243 3631 385 3716 Equites.
431 3631 474 3695 Et
495 3614 679 3694 Aristoteles
699 3627 785 3692 idem
809 3629 917 3714 attigit
940 3631 1135 3758 exemplum,

116 3733 239 3797 Politic.
259 3734 318 3798 IV.
331 3754 372 3812 4.
400 3757 447 3810 ιωη
468 3736 482 3793 ὁ
503 3731 668 3815 δημαγωγὸς
682 3729 752 3809 noll
767 3729 898 3808 κόλαξ
875 3756 897 3794 οι
916 3732 1051 3794 αὐτοὶ
1008 3759 1053 3812 και
1067 3735 1135 3798 ἀνά-

114 3849 207 3917 λογον·
232 3860 277 3912 κου
297 3835 445 3915 μάλιςαδ
468 3832 588 3918 ἑκάτεροι
610 3857 666 3915 παρ
666 3830 849 3917 ’ἑκατερων’
841 3834 964 3917 ιχυιιτιν,
984 3841 1007 3898 οι
1022 3839 1072 3917 μὲν
1087 3837 1135 3902 κό.

115 3949 198 4008 λακις
211 3941 287 4020 παρὰ
301 3935 448 4021 τυράννοις,
469 3940 492 3996 oi
514 3935 540 3996 δὲ
560 3935 721 4016 δημαγωγοὶ
735 3938 820 4020 παρὰ
838 3939 893 4008 τοῖς
907 3937 995 4016 δήμοις
1009 3942 1065 4011 τοῖς
1076 3965 1136 4001 τοι·

114 4034 209 4108 ου’τοις.
253 4032 339 4097 Dion
356 4033 468 4120 Chrys.
484 4034 541 4097 Or.
557 4034 747 4096 XXXVIII.
765 4054 797 4118 p.
811 4035 886 4115 468.
905 4034 945 4112 C,
957 4035 1008 4098 D:
1029 4040 1137 4102 -οιίι-

116 4160 178 4208 σαις
199 4134 248 4214 μὲν
274 4137 334 4207 ταῖς
355 4132 471 4216 elatos,
493 4139 603 4213 μᾶλλον
625 4134 651 4194 δὲ
672 4137 732 4206 ταῖς
750 4134 903 4216 μεγάλαις,
921 4137 959 4196 δεῖ
976 4135 1026 4216 μὲν
1043 4137 1065 4222 ’l
1084 4148 1137 4202 τῶν

116 4236 260 4317 τιλιισῖων,
286 4237 330 4301 ἵνα
353 4234 398 4315 nol
420 4243 567 4322 χορηγῶσι
593 4234 639 4315 aa)
659 4238 954 4319 φιλοτιμῶνταρταυιδ
976 4243 1013 4303 τοὶ
1034 4255 1153 4324 veropr?
