2684 4762
232 329 289 395 ’168
373 332 412 392 D.
424 322 476 392 W.
495 323 703 394 ANIMADV.
724 335 772 394 IN
791 333 1022 396 eumaem
1041 336 1115 396 m.

231 516 273 560 ne
286 510 462 584 occupatus
475 496 649 583 suspicione
670 510 703 563 et
723 497 953 586 aspernatione,
972 496 1025 562 sed
1045 485 1153 583 potius
1173 514 1252 582 praa·

164 610 167 615 ’
231 615 362 684 paratus
379 600 573 666 institutione
588 614 622 665 et
634 600 750 665 notitia
769 599 968 680 conciliatus,
990 598 1134 686 placidus
1155 611 1189 663 et
1209 597 1254 661 seq

149 696 154 705 '
232 699 363 767 miliaria
377 723 397 766 a
411 700 493 766 Poesr
508 700 549 765 ad
565 701 797 790 Philosophiam
810 701 999 777 deducatur.
1187 713 1189 717 ’

276 916 328 984 14.
343 904 387 968 D.
409 902 554 984 Φιλόξενος
568 911 581 968 ὅ
593 907 715 991 mannis]
741 904 899 971 Additum
921 905 963 969 est
981 909 994 968 l
1012 908 1132 983 ποιητὴς,
1153 915 1192 968 ιιι
1206 897 1256 967 hio

228 1003 273 1077 ab
292 1003 361 1068 aliis
384 1004 562 1071 Philoxenis
583 1006 811 1093 distinguaturz
837 1020 871 1071 et
888 1006 978 1071 fimul
999 1004 1256 1093 significationem

231 1105 368 1189 praebet,
384 1105 590 1171 Plutarchum
604 1107 636 1170 in
653 1129 691 1171 ea
709 1106 798 1171 fuisse
817 1107 984 1186 sententia,
999 1129 1064 1172 non
1079 1106 1189 1191 plures
1207 1107 1256 1170 su·

226 1205 286 1270 ,isse
307 1206 371 1270 hoc
392 1206 522 1272 nomine
536 1221 656 1293 poetas,
671 1207 724 1272 sed
743 1230 844 1272 unum
860 1207 948 1272 hunc
962 1206 1065 1294 patria
1080 1207 1256 1293 cytherium,

231 1305 376 1393 Dionysi
397 1305 524 1393 majoris
546 1307 731 1394 Syracusani
750 1307 949 1387 familiarem,
966 1307 1062 1395 vulgo
1080 1306 1255 1392 Ditbyram·

234 1406 339 1487 hicum,
354 1430 598 1495 nonnumquam
612 1410 761 1495 Lyricum‚
773 1410 945 1496 Tragicum,
955 1422 1011 1475 aut
1021 1409 1166 1474 Melicum
1180 1430 1256 1496 cog·

234 1511 448 1577 nominatum.
487 1515 540 1578 De
553 1536 618 1600 quo
630 1527 665 1577 et
678 1513 746 1578 aliis
760 1513 856 1602 vulgo
876 1515 951 1577 cum
967 1535 1007 1578 eo
1027 1512 1163 1577 confusis
1186 1511 1256 1576 Phi·

198 1625 201 1634 '
232 1611 367 1693 lorenis,
389 1637 489 1701 quum
511 1616 575 1679 hoc
592 1616 664 1680 loco
678 1636 836 1700 exponere
857 1614 992 1701 longum
1011 1614 1058 1692 fit,
1078 1612 1257 1678 disseremus

233 1710 267 1776 in
282 1712 488 1797 Bibliothecae
508 1715 635 1780 Criticae
649 1713 723 1780 Vol.
740 1715 802 1778 Ill.
826 1715 909 1789 Part.
926 1713 987 1778 Ill.
1011 1713 1116 1803 primo
1132 1733 1257 1801 quoque

231 1816 393 1898 tempore,
408 1826 446 1878 ut
460 1814 632 1900 speramus,
647 1812 780 1878 edenda.

187 1916 190 1920 ’
280 1926 331 1995 14.
340 1914 385 1979 D.
406 1914 528 2002 Σήδατε]
554 1917 629 1980 Hoc
644 1914 822 2001 profestum
835 1913 878 1978 est
889 1936 908 1977 a
921 1911 1117 1978 comestione
1130 1909 1256 1976 editoris

231 2011 533 2102 Basrleenfis,qua1n
549 2015 646 2081 secuti
660 2005 733 2078 sunt
747 2014 824 2101 Xyl.
837 2012 962 2079 Amiot.
979 2014 1073 2077 Grot.
1089 2013 1181 2075 Mea.
1215 2011 1259 2073 At

232 2136 307 2180 vero
328 2115 405 2179 Ald.
428 2115 566 2204 indeque
587 2116 769 2202 Stephanus
791 2137 865 2180 cum
887 2113 1037 2178 omnibus
1059 2111 1183 2197 scriptis
1204 2132 1257 2174 co·

232 2215 358 2294 dicibus
379 2218 499 2284 habent
518 2218 642 2297 Σῆδαπε,
662 2218 717 2282 nisi
735 2216 821 2304 quod
839 2214 959 2280 Harlei.
975 2235 1057 2278 novo
1071 2212 1170 2278 etiam
1184 2212 1258 2276 vitio

233 2315 297 2380 sert
317 2316 455 2383 Σαιδαπε.
491 2319 655 2384 Cruserius
676 2331 848 2404 utrumque
869 2338 986 2380 nomen
1006 2315 1122 2381 omisit.
1160 2315 1256 2401 Equi·

234 2418 308 2483 dem
324 2442 388 2484 non
403 2421 499 2485 ausim
513 2443 629 2507 negare
642 2421 778 2501 Σήδαπος,
793 2434 849 2485 aut
862 2421 999 2499 Σηδαπὸς,
1014 2431 1048 2483 et
1061 2419 1213 2483 Graecum
1226 2428 1258 2481 et

234 2519 387 2586 Latinum
402 2521 511 2587 haberi
525 2522 609 2609 posse
624 2545 753 2601 nomen,
775 2523 833 2586 swe
855 2521 1029 2607 proprium,
1048 2521 1107 2585 sive
1121 2519 1258 2584 substan·

232 2619 347 2700 tivum,
362 2621 420 2685 sive
434 2620 639 2708 adjestivum3
660 2622 736 2687 licet
756 2621 881 2687 nullum
903 2619 971 2706 ejus
988 2616 1172 2703 exemplum
1186 2636 1259 2704 pro·

233 2721 339 2787 ditum
352 2723 408 2803 fit3
431 2724 550 2813 quippe
570 2723 653 2788 hanc
667 2725 802 2788 formam
822 2722 969 2809 analogia
986 2736 1095 2790 tuetur
1115 2720 1259 2789 similium

233 2826 378 2906 ἡμεδαπὸς,
393 2828 537 2909 ὑμεδαπός,
553 2827 727 2908 moderin
750 2841 787 2891 ut
802 2828 918 2903 σηδαπός
937 2827 974 2890 fit
991 2849 1049 2914 pro
1063 2828 1191 2905 σιδαπὸς,
1205 2839 1260 2891 aut

227 2930 361 3007 ποδαπὸς,
383 2938 396 2992 ὀ
416 2942 543 2995 mutato
565 2929 596 3005 in
620 2937 647 3009 ἦ,
667 2944 705 2994 ut
724 2930 906 3016 frequenter
919 2928 951 2992 in
966 2927 1150 2993 nominibus
1170 2950 1259 2992 com·

228 3029 359 3118 positia:
386 3029 534 3117 idemque
549 3029 605 3119 jus
627 3031 770 3097 obtineat
791 3053 829 3096 ac
851 3029 1003 3099 latinum
1026 3030 1120 3110 Tuas,
1143 3030 1261 3109 Tuatis,

232 3130 320 3199 unde
341 3134 384 3197 est
406 3133 536 3212 Tualim,
557 3134 644 3220 quod
665 3156 704 3197 ex
726 3134 836 3198 Plauto
860 3133 964 3197 adfert
984 3130 1112 3196 Nonius
1139 3151 1173 3216 p.
1190 3146 1262 3216 179.

232 3235 268 3301 Si
284 3238 435 3300 Graecum
457 3235 566 3301 haberi
591 3237 702 3321 potest,
725 3235 843 3321 poterit
859 3233 935 3298 item
949 3232 1065 3303 ,haberi
1087 3231 1261 3311 Latinum3

170 3360 173 3368 “
232 3335 492 3426 quandoquidem
515 3325 628 3402 Latina
652 3336 802 3423 pleraque
823 3335 954 3400 nomina
979 3333 1107 3420 propria
1128 3332 1263 3419 originis

234 3440 357 3503 Graecae
376 3440 459 3505 sunt.
497 3440 653 3504 Attamen
675 3438 795 3518 Σήδατε,
815 3450 854 3504 ιιι
875 3435 1080 3522 probabilius,
1098 3433 1262 3499 edendum

227 3539 327 3619 'duxi3
350 3539 399 3603 vel
414 3539 477 3602 sola
489 3540 626 3603 nominis
640 3538 759 3625 proprii
771 3535 999 3603 consuetudine
1009 3547 1044 3599 et
1055 3534 1260 3615 audoritate3

226 3658 309 3708 'nam
330 3641 394 3728 ipse
407 3640 536 3728 quidem
557 3629 744 3706 Plutarchus
766 3641 918 3728 nusquam
936 3638 1011 3703 alibi
1030 3637 1174 3702 Sadalam
1191 3659 1260 3703 nae-

232 3756 349 3807 morat.
386 3742 485 3829 Apud
506 3744 680 3808 Gruterum
695 3742 840 3828 inscript.
856 3742 1049 3806 MLXXIV.
1067 3759 1118 3804 10.
1141 3739 1262 3826 legitur

226 3845 271 3908 'C.
289 3844 415 3908 Sedulus
431 3843 554 3908 Florus:
576 3857 609 3909 et
622 3844 832 3908 MLXXVII.
850 3842 903 3906 Μ.
921 3841 1059 3907 Sadatm.
1096 3840 1133 3903 G.
1150 3840 1188 3904 F.
1206 3839 1260 3903 Se·

226 3947 393 4012 'verianuse
415 3946 500 4032 apud
514 3946 721 4011 Mazochium
738 3947 958 4011 Commentar.
977 3943 1018 4008 ad
1036 3942 1175 4009 Tabulas
1186 3945 1260 4009 'He-

95 4103 97 4107 i
231 4047 309 4112 rael.
333 4068 366 4132 p.
381 4049 456 4134 389.
472 4048 589 4112 Sedato.
625 4049 677 4112 Est
694 4060 727 4112 et
741 4046 825 4133 apud
844 4045 1012 4112 Aristidem
1031 4046 1071 4109 T.
1086 4042 1114 4109 I.
1138 4066 1172 4132 p.
1183 4064 1259 4130 30¹·

231 4169 308 4234 324.
322 4170 398 4236 331·
423 4149 547 4214 sedatus
564 4149 733 4234 Mcaeenſss,
756 4151 809 4214 cui
829 4163 923 4214 antea
940 4146 1122 4233 Theophilo
1142 4167 1262 4215 nomeu

233 4251 358 4338 sperata
381 4265 415 4321 et
427 4251 574 4357 Episcopi
589 4275 706 4335 nomen
721 4251 847 4334 Sedatua
859 4272 911 4340 ap.
927 4250 969 4320 C.
984 4249 1162 4329 Gothorum
1180 4247 1259 4327 eiu.
