2684 4762
166 319 174 331 ‘
231 336 292 393 434
370 329 1025 392 n..w.au1uanv.1nuumacn1
1049 328 1133 390 mu.

236 493 432 578 superlativo
446 494 547 581 magis
561 495 763 580 δυσφωρὸτατος
783 518 803 559 a
815 496 961 578 ὃύσφωρος,
975 517 1082 580 quam
1095 486 1280 576 δυσφωρπὸ·

234 621 318 667 τατος
339 617 360 657 a
378 597 550 680 δυσφώρατος
572 597 720 661 ufitatum
746 597 835 661 fuiffe
859 597 977 660 dicam.
1019 594 1134 680 quue
1159 592 1197 656 in
1217 589 1282 655 aliis

236 693 398 757 vocabulis
423 695 603 759 factitatum
630 695 816 781 reperimus,
839 708 877 759 ut
899 692 1053 758 fimilium
1078 690 1281 780 syllabatim

237 816 302 858 una
314 794 527 872 omitteretur,
547 816 587 859 ne
611 795 754 882 ingratus
775 797 869 860 sonus
881 816 973 859 aureo
985 791 1191 858 offenderet.
1229 788 1281 855 stc

237 895 271 961 in
286 895 455 960 Plutarcho
470 897 614 982 Sympos.
632 899 688 960 IV.
710 918 742 982 p.
758 899 831 961 660.
852 886 902 960 C:
925 893 1132 958 εὐτυσωτάτωο
1145 890 1278 968 dicitur,

238 994 321 1081 quali
343 995 378 1059 srt
396 996 438 1059 ab
459 995 579 1074 εὔτυκος,
597 1017 789 1081 quamquam
805 995 910 1060 sensus
923 992 1104 1079 requireret
1118 995 1277 1056 οὐτυτωτο-

115 1129 119 1138 ·
237 1096 328 1159 τᾶτωο
343 1097 383 1161 ab
397 1098 556 1172 τύτότωτος.
594 1098 702 1162 Crasso
719 1120 751 1183 p.
765 1100 841 1183 556.
858 1099 898 1161 C.
913 1094 1131 1182 εὴραρῶτατον,
1147 1092 1208 1157 ubi
1220 1112 1276 1157 οο·

239 1196 300 1260 dex
315 1197 417 1262 Mosc.
433 1199 532 1263 habet
550 1200 737 1285 εὐχαρότατου
751 1199 861 1263 saltem
874 1197 915 1262 ad
937 1195 1121 1283 prosodiam
1144 1195 1276 1271 reatus,

237 1312 272 1362 at
287 1298 441 1364 sententia
452 1300 515 1365 loci
527 1301 657 1387 requirit
670 1303 908 1389 οὑχωρωσότατον,
919 1300 1115 1386 facillimum
1130 1299 1178 1362 ad
1185 1297 1275 1385 stabi·

235 1400 366 1485 gendum
390 1403 431 1465 ab
451 1402 620 1488 εὐχείρωτος.
657 1405 832 1466 Artaxerxe
855 1424 886 1487 p.
906 1421 998 1482 1024.
1018 1400 1072 1464 C:
1095 1409 1157 1464 τῶν
1179 1399 1276 1485 θηρίων

239 1504 278 1563 τοὶ
291 1501 484 1567 &audacem
505 1505 526 1590 a}
548 1505 804 1592 δυσοξημερώτατα,
821 1503 960 1569 debebat
972 1503 1022 1568 vel
1038 1502 1198 1568 Pofitivus
1216 1501 1276 1567 effe

240 1601 459 1689 δυσεξημέρωτα,
474 1604 523 1668 vel
545 1605 761 1690 SuperlatIvus
777 1603 1066 1691 δυσοξυμερωτᾶτατα.
1104 1604 1148 1667 In
1163 1605 1274 1668 Xeno·

240 1701 362 1788 phonte
376 1704 546 1791 Cyropaed.
563 1707 590 1769 1.
604 1727 637 1791 p.
648 1723 701 1790 35.
718 1707 755 1769 B.
770 1705 974 1793 εὐχαροτάτυς,
987 1720 1023 1770 et
1037 1707 1168 1770 OEcon.
1179 1706 1274 1769 VIII.

240 1822 274 1883 4.
295 1804 502 1890 εὐχειρότατουε
531 1806 586 1870 ubi
609 1805 696 1892 quod
719 1807 900 1892 Stephanus
920 1805 1038 1892 corrigi
1063 1805 1209 1884 volebat,
1230 1809 1273 1867 εύ-

237 1904 443 1989 χυρωτοτίιτυς
462 1919 494 1969 et
515 1907 753 1992 εὐχαριστότατον,
774 1920 935 1992 tamquam
956 1904 1143 1969 certiffimas
1161 1926 1274 1968 emen·

241 2003 386 2068 dationes
408 2007 526 2091 recepit
549 2007 706 2071 Zeunius:
730 2029 895 2094 perperam
914 2006 959 2069 illi
981 2004 1128 2090 quidem.
1166 2007 1275 2070 Strato

239 2103 405 2190 Epigram.
434 2108 655 2171 LXXXVIII.
689 2107 776 2193 apud
807 2106 1007 2172 Brunckium
1040 2104 1199 2171 Analeol.
1235 2105 1276 2170 ad

240 2226 351 2290 apem:
376 2211 465 2271 -Οὑ
484 2207 576 2293 ταύτῃ
601 2206 756 2291 βομὸεῦσα,
778 2208 800 2295 ’i
825 2208 1001 2292 ἀυθολόγοισι
1021 2206 1140 2289 &Iacca
1163 2209 1275 2272 Ilocola

241 2307 395 2387 ὶφάψαθου
413 2310 522 2393 χρωτὸς
542 2309 718 2394 ἀκηροτίισυε
745 2330 804 2394 pro
827 2307 1031 2396 ἀκηρατωτίιτυ
1052 2307 1096 2370 ab
1120 2308 1275 2394 ἆκῆρατος,

241 2406 436 2494 incorruptus,
456 2409 641 2488 immortalis,
664 2410 769 2473 sumIit
783 2408 1018 2496 superlativum
1035 2407 1183 2472 nominis
1203 2408 1276 2488 ἄκη·

241 2535 297 2596 ρος,
319 2510 425 2595 itaquc
446 2509 567 2596 duplici
589 2511 815 2597 significatione
836 2511 899 2575 vim
921 2508 1077 2576 acuminis
1099 2510 1211 2592 auxit3
1234 2514 1277 2576 cst

241 2612 376 2675 enimet
387 2612 456 2694 stne
470 2635 548 2690 cera,
567 2637 624 2675 non
641 2612 760 2675 idoneus
774 2636 860 2690 cerae,
881 2634 901 2675 a
919 2615 1009 2698 κηρὸς,
1025 2625 1059 2675 ct
1072 2611 1277 2702 incorruptus,

242 2711 427 2789 ἑοιυοοσίαὶἰο,
441 2735 460 2776 a
474 2716 535 2796 κὴρ,
544 2711 664 2795 fatum,
681 2713 835 2797 cormptio.
872 2712 996 2777 Eodem
1010 2711 1110 2776 modo
1123 2715 1169 2778 ab
1183 2715 1277 2779 ἄλλο’-

241 2837 320 2886 κοτος
343 2813 432 2876 Plato
454 2805 607 2877 Comicus
627 2811 705 2876 fecit
722 2811 910 2899 ἁλλοκώτερου
924 2825 957 2875 et
969 2813 1185 2895 ἁλλοκώτατου,
1202 2817 1279 2881 teste

242 2914 362 2980 Lexico
376 2914 649 3001 Sangennanensr,
667 2913 754 2999 quod
770 2914 981 2981 Rulrnkcn'rus
994 2914 1106 2978 citavit
1119 2916 1167 2980 ad
1185 2919 1278 2983 um-

242 3039 325 3081 aeum
345 3038 378 3101 p.
394 3036 445 3098 24.
480 3015 762 3103 Τραγῳδιδάσκαλος,
790 3016 1059 3099 Κωμῳδοδάσκαλος,
1087 3038 1149 3102 pro
1171 3023 1278 3106 Τραγ.

240 3118 478 3203 ορὸιοδιδάσκωλος,
495 3118 803 3202 Κωμφδιοδοδᾶσκαλος,
819 3117 859 3180 de
874 3116 964 3201 cujus
979 3117 1135 3200 scriptura
1149 3131 1186 3181 et
1200 3120 1278 3206 Syl·

242 3219 377 3307 burgr'us
398 3233 432 3282 et
451 3222 489 3283 T.
506 3218 758 3283 Hemsterhusrus
775 3218 816 3282 ad
837 3218 921 3281 Plut.
936 3217 1158 3302 Aristophanis
1174 3242 1210 3304 p.
1222 3223 1278 3307 89.

242 3320 403 3384 dubitant.
448 3318 554 3383 Latini
576 3341 595 3382 a
615 3319 738 3406 poenitct
762 3322 918 3382 Futurum
944 3316 1104 3402 Participii
1125 3319 1281 3386 fecerunt

238 3398 430 3509 poeniturum,
443 3442 506 3483 non
517 3420 738 3507 punititurum:
753 3419 870 3504 dequo
885 3418 1078 3483 Forccllinus
1092 3419 1124 3484 in
1140 3422 1279 3489 Lexioo.

241 3525 329 3608 Ergo
342 3522 517 3586 decurtata
532 3520 627 3608 hujus
640 3522 752 3589 formae
770 3521 843 3585 usus
864 3521 936 3584 satis
951 3535 1041 3584 extra
1054 3520 1196 3587 dubium
1213 3547 1277 3613 po·

242 3623 316 3688 fitus
331 3624 385 3686 est.
421 3625 626 3710 Quamquam
640 3637 676 3687 et
692 3622 786 3708 plena
806 3623 909 3686 forma
924 3623 956 3686 in
971 3623 1028 3685 usu
1043 3623 1169 3703 manfit,
1187 3628 1279 3713 apud

241 3747 297 3789 eos
319 3725 505 3810 pracsertim,
529 3723 585 3809 qui
606 3737 733 3788 tantum
755 3723 883 3787 auribus
906 3745 970 3787 non
993 3722 1135 3788 dandum
1160 3728 1278 3793 cense-

240 3842 333 3893 rent:
357 3849 396 3890 ex
410 3849 474 3913 quo
494 3847 611 3912 genere
625 3828 667 3890 est
686 3824 770 3910 apud
793 3825 1142 3890 Pseudo-Plutarchum
1159 3827 1278 3896 Placit.

242 3927 358 3995 Philas.
375 3930 437 3992 III.
451 3948 484 4012 3.
508 3950 539 4012 p.
555 3928 628 4012 893.
643 3930 680 3990 E.
701 3926 991 4013 πολυσωματωτέρῳ
1016 3926 1182 3995 Galerium
1198 3933 1279 3998 Pro-

240 4031 379 4117 treptico
401 4030 483 4114 Cap.
500 4031 557 4094 IV.
577 4030 616 4092 Τ.
633 4031 676 4092 ΙΙ.
701 4051 733 4115 p.
748 4047 781 4108 4.
796 4029 850 4091 D:
873 4027 988 4092 σάντων
1007 4026 1147 4113 χημᾶτωο
1165 4036 1278 4123 ἑδραιᾰ.

211 4171 214 4175 ·
239 4134 322 4198 τασού
334 4159 364 4196 το
379 4131 425 4210 καὶ
438 4131 694 4212 ἀμοταπΊωτὸτατου
709 4131 767 4218 ἔχει
779 4132 826 4195 σου
839 4128 930 4194 attor.

166 4325 168 4328 y
280 4249 335 4317 51.
350 4234 394 4298 D.
418 4232 555 4316 ύλῆμασι]
581 4226 690 4296 Habet
710 4230 898 4296 Plutarchus
912 4230 1029 4320 Quaest.
1043 4230 1124 4296 Nat.
1146 4253 1184 4319 p.
1197 4256 1278 4325 91¹·
