2684 4762
302 332 357 395 DE
370 333 553 395 DISCERN.
566 333 691 394 ADUL.
704 334 757 394 AB
770 334 914 431 amco.
928 353 957 412 p.
963 339 1012 407 72.
1021 331 1057 393 Β.
1125 340 1190 408 539

152 496 241 562 mina
255 512 432 584 ponuntur,
446 498 544 564 minti
563 499 654 564 famo
671 521 709 563 ae
732 498 838 577 stulto,
857 499 963 577 ιὸἦθης,
978 499 1097 582 γλοιτὸς,
1116 499 1187 576 ἡδὺς,

150 602 269 687 χςηςάς,
295 603 419 686 ἀγαθὸς,
441 602 610 684 θαομάσιος,
635 600 780 683 δαιμόνιος,
805 599 888 664 aliar
912 621 1049 686 quorum
1072 598 1188 686 partim

151 703 277 767 notavit
291 702 504 769 Ruhnkenius
519 703 560 768 ad
573 703 730 770 Timaeum
745 701 845 767 Glofs.
862 701 941 766 Plat.
958 720 992 786 p.
1008 721 1080 787 131.
1095 701 1161 789 seq.

196 805 304 887 72.B.
327 807 441 890 ἠθικῶς]
467 805 551 870 Vide
564 804 605 869 ad
620 828 653 893 p.
666 822 719 888 27.
735 807 775 869 F.
797 805 851 870 66.
867 802 907 868 Β.
988 849 990 853 «
1178 811 1182 818 “

197 921 250 988 72.
266 905 304 969 B.
339 908 523 992 ὁμοιοπαθεῖν]
553 909 659 993 Sapo,
679 919 718 970 ut
742 905 808 970 boc
828 905 913 982 loco,
938 903 984 968 ita
1004 902 1084 973 alibi
1101 918 1136 968 et
1157 904 1190 968 in

152 1005 289 1070 aliorum
312 1006 447 1093 scriptio,
470 1000 688 1093 permutatum
707 1024 783 1071 cum
804 1008 965 1088 ὁμοπαθεῖν,
988 1017 1027 1068 ut
1047 1002 1190 1091 ejusdem

153 1110 265 1175 sormae
287 1110 452 1190 vocabula,
475 1108 581 1194 ὁμὸἐιος
602 1126 636 1176 et
657 1108 800 1194 ὁμοιὸὁιος,
822 1113 951 1195 ὁμογενὴς
971 1124 1006 1173 et
1025 1109 1189 1191 ipormtlt,

153 1210 321 1297 multaque
343 1212 421 1276 alia:
446 1213 479 1276 in
493 1236 589 1298 quam
607 1211 878 1298 permutationem
898 1232 1019 1296 pronus
1036 1208 1099 1273 fuit
1120 1207 1190 1293 lap·
1241 1267 1245 1277 ,

154 1313 205 1378 sus
220 1314 480 1393 exscribentibus,
494 1337 568 1378 cum
584 1327 715 1401 propter
733 1314 831 1400 ipsam
847 1311 1083 1376 fimilitudinem
1096 1331 1190 1373 voca·

153 1415 318 1495 bulorum,
342 1430 413 1480 tum
435 1416 522 1502 quod
545 1416 629 1502 ipsu,
652 1416 771 1502 quippe
794 1415 979 1479 hominibus
1004 1413 1062 1478 aevi
1085 1412 1190 1477 eccle-

155 1516 273 1596 siastici,
297 1540 390 1582 aures
412 1518 519 1582 adhuc
543 1518 748 1603 personarent
764 1517 889 1603 jactata
914 1514 970 1579 illa
993 1512 1190 1578 distinciione

155 1617 325 1682 nominum
339 1618 466 1700 ὁμοείσιος
477 1633 510 1683 et
526 1619 674 1702 ὁμοιέσιος.
712 1618 775 1682 Sed
789 1616 953 1705 quomodo
967 1615 1113 1681 differunt
1128 1615 1190 1680 hu-

149 1718 206 1807 jus
230 1720 293 1784 loci
316 1721 422 1799 verba,
447 1721 478 1784 in
504 1734 634 1806 promtu
656 1721 698 1784 est
721 1718 919 1784 attendenti:
944 1723 1128 1800 ὁμοιοπαθεῖν,
1150 1719 1192 1782 est

143 1822 288 1906 fimiliter
310 1821 404 1908 affici,
428 1824 526 1910 iisdem
550 1822 706 1909 opsidibus
729 1823 890 1912 praelitam
912 1825 975 1909 affl,
997 1822 1096 1908 idque
1116 1821 1192 1885 huic

155 1925 229 1990 loco
252 1925 355 2013 magis
377 1928 537 2004 convenit,
560 1948 658 2015 quam
682 1931 842 2008 ὁμοπαθεῖν,
865 1925 953 2012 quod
978 1926 1033 2000 est,
1051 1924 1149 2010 βαιοὶ
1166 1936 1194 1987 et

155 2029 253 2091 codem
268 2029 361 2106 modo,
377 2044 465 2114 atque
487 2030 593 2108 alium,
616 2029 710 2116 affici.
755 2029 839 2094 Illud
861 2029 937 2093 alibi
959 2029 1046 2115 apud
1069 2028 1193 2093 Plutar-

156 2128 257 2192 chum
279 2151 342 2192 ιιοιι
366 2128 508 2215 legitur:
533 2146 565 2195 at
584 2145 722 2218 cognata
741 2131 889 2196 nomina:
915 2135 1090 2213 ὁμοιοπαθὴς,
1106 2132 1192 2216 Opp.

157 2231 245 2294 Mor.
271 2251 304 2315 p.
319 2249 373 2314 51.
389 2233 425 2293 E.
449 2234 582 2317 433.D.
605 2235 680 2296 626.
697 2234 737 2296 C.
762 2234 836 2316 807.
852 2233 896 2296 C:
923 2232 1112 2313 ὁμοιοπάθοο,
1139 2250 1193 2313 5¹·

156 2331 196 2394 B.
219 2348 272 2416 53.
291 2335 326 2397 F.
352 2334 446 2395 1006.
463 2335 500 2396 B.
528 2351 619 2417 1117.
634 2336 680 2398 B:
706 2335 870 2398 esttamen
885 2333 970 2419 apud
988 2331 1192 2397 Aristotelem

158 2433 268 2498 Ethic.
282 2435 413 2501 Nicom.
432 2437 459 2499 I.
475 2453 514 2520 5:
539 2439 582 2498 διοὶ
597 2438 629 2500 τὸ
650 2437 765 2511 ισολλιίς
780 2442 806 2499 ἐν
819 2441 881 2511 ταῖς
897 2441 1002 2525 ἀρχαῖς
1022 2440 1193 2518 ὁμοιοπαθεῖν
1278 2485 1283 2494 .

157 2535 393 2622 Σαρδαναπάλῳε
419 2539 552 2600 Sextum
578 2538 700 2625 Empir.
726 2537 810 2602 Adv.
836 2538 997 2602 Mathem.
1013 2538 1091 2602 VII.
1111 2555 1192 2622 302:

158 2637 280 2720 δώσομεν
293 2641 324 2702 ri
340 2645 511 2721 ὁμοιοπαθεῖν
529 2645 577 2719 τὴν
595 2639 689 2727 lpum
710 2641 804 2727 ἐκτίνῃ·
828 2643 1021 2721 concedemus,
1036 2641 1133 2728 visum
1143 2639 1194 2725 st

158 2737 269 2802 militer
284 2738 365 2823 affici
380 2753 468 2827 atque
482 2741 628 2806 nuditum.
666 2742 818 2807 Alterum
837 2742 1008 2829 aliquoties
1026 2742 1145 2828 legitur
1163 2741 1196 2806 in

160 2840 348 2907 Plutarcho:
369 2865 398 2905 v.
408 2865 438 2906 c.
454 2844 540 2928 Opp.
556 2844 644 2906 Mor.
660 2867 693 2930 p.
706 2848 759 2929 96.
769 2847 813 2908 D.
828 2845 861 2908 in
876 2844 990 2908 eodem
1003 2860 1196 2930 argumento

158 2943 329 3007 amicitiae:
353 2948 390 3008 τά
406 2943 502 3029 ἀλογα
524 2948 575 3019 τὰς
595 2943 680 3026 μίξας
703 2947 775 3032 πρὸς
793 2950 831 3008 τὰ
849 2946 964 3028 ἀνόμοια
977 2951 1100 3025 οτοιεῖτος
1121 2953 1195 3028 μετά

159 3045 224 3124 βίας
239 3046 465 3129 ἀναγκαζόμενα,
489 3048 537 3108 καί
559 3046 669 3126 ὀκλάζει
690 3047 737 3110 καί
755 3051 913 3133 ἀγανακτεῖ
927 3047 1063 3133 φεύγοντα
1078 3051 1124 3111 ἀπ’
1139 3055 1195 3111 ἀλ-

160 3148 264 3225 λήλοιν,
287 3152 344 3221 τοῖς
368 3149 395 3209 δὲ
418 3147 569 3232 σογγὲνισι
593 3151 641 3211 καί
663 3148 766 3223 οἰκείας
787 3152 924 3231 ὁμοπαθιῖ
946 3149 1126 3236 κιςαινιίμινα
1148 3154 1197 3213 καί

160 3250 310 3336 agoniam
328 3254 375 3328 τὴν
398 3251 533 3315 κοινωνίαν
548 3252 624 3326 λοίιος
642 3252 687 3332 καί
701 3256 761 3336 μετ’
775 3250 962 3337 εὖμειείας-·
987 3253 1042 3316 ubi
1062 3277 1126 3318 non
1146 3255 1196 3317 in·

160 3357 456 3434 οριιιιιιὸμοιοιταθεὸ
476 3352 629 3431 videatur,
651 3369 683 3417 et
705 3353 767 3418 tale
782 3353 860 3442 quid
874 3353 974 3418 voluit
994 3353 1125 3440 scriptor
1139 3376 1196 3420 co·

161 3453 241 3516 dicis
259 3454 297 3516 C.
313 3454 368 3539 qui
384 3452 529 3518 vitiosum
543 3455 686 3541 quamvis
701 3453 756 3518 dat
772 3461 919 3536 ὁμιοπαθῆ.
957 3454 1099 3519 Subinde
1114 3455 1196 3542 ejus-

162 3555 250 3619 modi
275 3555 318 3618 est
343 3556 509 3636 sententia,
534 3557 645 3621 utrix
673 3556 815 3636 definias,
841 3573 950 3621 utrum
974 3559 1004 3622 ei
1029 3559 1197 3622 verborum

162 3657 266 3742 magis
292 3673 466 3744 congruat:
497 3657 559 3722 alia
582 3657 655 3722 sunt
680 3659 826 3744 exempla
850 3681 882 3745 p.
901 3660 975 3722 661.
995 3659 1035 3722 C.
1055 3641 1138 3743 w737.
1159 3661 1197 3723 E.

163 3758 268 3822 Galba
285 3775 376 3843 1053.
392 3759 439 3822 B:
464 3762 517 3822 ὅδὲ
532 3759 658 3823 Πλάτων
676 3761 748 3822 οὐδὲν
767 3760 844 3846 ἔργον
860 3765 924 3846 ὁρῶν
938 3757 1072 3847 ἀςχοντος
1086 3764 1199 3843 ἀγαθοῦ

163 3862 211 3923 καί
231 3869 371 3948 ςςατηγοῦ
385 3869 499 3947 ςρατιὰς
517 3866 555 3941 μὴ
569 3862 754 3949 σωφρονούσης
767 3863 834 3943 μηδὲ
850 3861 1039 3943 ὁμοταὸιίσης·
1061 3861 1083 3923 i.
1098 3884 1127 3925 e.
1145 3885 1198 3924 ex·

164 3963 280 4041 ercitus,
304 3965 433 4049 quinon
456 3965 611 4051 conspirat,
634 3964 783 4051 construit,
810 3965 893 4027 duci:
920 3987 976 4027 non
999 3965 1094 4028 eodem
1119 3964 1200 4028 modo

165 4064 298 4150 afficitur
311 4080 400 4153 atque
414 4066 475 4129 ille.
508 4066 707 4131 Jamblichus
723 4067 791 4130 Vit.
810 4067 947 4155 Pythag.
970 4068 1000 4149 ξ.
1020 4069 1099 4150 167:
1124 4071 1200 4153 ἀρχὴ

164 4171 251 4233 τοίνυν
265 4172 304 4242 ὲςί
320 4171 485 4246 δικαιοσύνης
500 4171 550 4252 μὲν
569 4172 601 4232 τὸ
624 4171 708 4231 κοιιόν
722 4170 768 4232 καί
783 4169 842 4232 ίσοι
856 4170 908 4231 καί·
919 4169 1057 4252 ἔγίυτάτοι
1067 4171 1125 4244 7ἑνὸς
1140 4169 1200 4232 σοί·

165 4297 254 4352 ματος
273 4268 318 4347 nol
338 4276 404 4351 μιάς
421 4273 515 4356 ψυχῆς
534 4274 680 4355 ὁμοπαθεῖν
698 4267 823 4348 στάντας,
844 4271 890 4332 καί
911 4270 951 4332 ἐπὶ
970 4272 1007 4334 τὸ·
1023 4272 1090 4333 αὐτὸ
1114 4269 1200 4357 (lege
