2684 4762
249 337 308 387 514
392 331 431 387 D.
441 330 492 388 W.
505 331 712 390 ANIMADV.
732 331 779 392 IN
800 331 1041 393 inmanem
1064 332 1148 392 Lm.

253 494 354 554 Serm.
372 490 479 554 CXII.
502 514 535 578 p.
549 493 623 576 584.
661 495 742 558 Haee
758 494 861 559 sumta
873 492 1001 559 videtur
1016 516 1040 559 e
1056 493 1236 579 Scriptore
1248 512 1289 555 re·

254 605 320 654 tere
333 592 401 678 περὶ
415 593 519 674 φιλίας,
533 593 759 679 iireopbrasto,
775 595 963 682 Chrytippo,
980 607 1044 659 aut
1059 594 1146 659 alio.

295 694 347 775 67.
358 691 468 757 C-E.
482 693 851 780 Πλάτων-ἐτιμεληθῆναρ]
870 695 1014 760 Venusia
1026 693 1198 772 narratio,
1211 692 1296 781 Plffl

254 791 406 856 Socratici
422 792 630 858 charabieris:
654 817 749 880 quam
773 794 961 859 Plutarchus
980 817 999 859 e
1024 794 1198 880 scriptore
1219 812 1296 858 nunc

254 892 380 977 perdito
395 893 510 967 sumsit,
527 895 574 959 vel
590 894 763 974 Socratico,
778 895 826 960 vel
840 894 893 982 qui
907 894 947 959 de
963 895 1030 960 hec
1048 895 1202 960 historia
1216 908 1296 981 parte

254 992 453 1080 scripserunt,
469 994 634 1059 Demetrio
649 994 813 1074 Phalereo,
837 995 987 1073 Panaetio,
1008 1010 1077 1059 aut
1098 996 1213 1060 fimiti.
1248 996 1296 1059 Ab

254 1095 381 1173 eodem,
410 1108 510 1173 certe,
540 1096 629 1159 fonte
656 1110 882 1181 argumentum
896 1086 943 1160 'et
970 1096 1169 1161 orationem
1202 1095 1297 1162 baufit

256 1197 396 1281 Scriptor
411 1195 555 1280 Epiltolae
577 1196 745 1261 Socratica
760 1198 887 1260 XXIII.
909 1218 943 1283 p.
958 1197 1016 1275 48.
1034 1218 1080 1263 ex
1095 1198 1240 1282 persona
1251 1197 1296 1283 ip·

256 1297 316 1360 sius
343 1295 502 1361 AEscbinis
526 1296 662 1360 scribens
686 1296 717 1360 se
739 1318 848 1361 recens
877 1296 1041 1384 Syracusis
1071 1297 1240 1363 advenam
1259 1297 1297 1362 ab

254 1399 415 1484 Aristippo
435 1397 609 1461 adductum
630 1397 672 1461 ad
693 1397 878 1484 Dionysium
902 1397 996 1482 eique
1018 1399 1295 1465 commendattnn

255 1497 334 1576 eiie3
347 1497 494 1561 referens
507 1495 605 1560 etiam
620 1497 722 1581 ipsum
736 1495 885 1583 Aristippi
902 1517 978 1559 cum
994 1495 1168 1585 Dionyfio
1183 1499 1294 1565 sermn-

257 1620 344 1675 nem,
363 1598 537 1661 breviorem
552 1597 682 1682 quidem
702 1597 793 1661 illum
815 1597 876 1661 boc
898 1596 1111 1678 Plutarchoo,
1139 1600 1199 1665 sed
1220 1600 1294 1688 ejus·

257 1699 330 1763 dem
345 1713 378 1763 et
391 1698 531 1763 materiae
545 1713 579 1764 et
592 1701 702 1764 iormae
717 1699 896 1765 Socraticae.
932 1697 1027 1761 Idem
1044 1714 1166 1765 narrat
1180 1702 1213 1766 se
1227 1724 1295 1767 max

257 1824 276 1864 a
300 1800 429 1865 Platone
454 1823 581 1886 quoque
604 1800 809 1864 amantiffimc
834 1797 1105 1864 commendatum
1130 1802 1295 1891 Dionyfio.

257 1905 330 1968 Hac
345 1903 532 1969 auctoritate
546 1902 638 1967 facilc
651 1901 835 1966 confutetur
856 1898 1088 1965 maledicentia
1109 1924 1232 1969 eorum
1245 1904 1294 1991 qni

258 2005 460 2092 prodiderant
473 2005 656 2070 AEsehinem
670 2027 690 2069 e
705 2004 834 2069 Platone
848 2000 931 2089 apud
947 2001 1152 2088 Dionysium
1169 2028 1231 2092 per
1249 2007 1294 2071 in.

257 2104 372 2171 vidiam
391 2105 525 2192 pretium
543 2106 808 2199 obscuretumqne
822 2103 929 2168 fuitie:
952 2101 1048 2188 cujus
1063 2103 1204 2170 invidiae
1218 2107 1293 2172 duo·

258 2209 318 2271 bus
338 2207 417 2272 loeis
431 2206 628 2271 mentionem
648 2204 791 2291 injiciens
812 2203 975 2289 Diogenes
998 2204 1160 2269 Laertius
1185 2208 1232 2272 11.
1245 2209 1292 2271 61.

259 2308 321 2370 lll.
336 2310 395 2393 363
418 2309 485 2391 φατὶ
507 2310 528 2370 δ’
543 2306 582 2369 ὅτι
596 2307 633 2429 {l
654 2331 703 2389 τερ
725 2305 770 2384 mi
790 2308 870 2378 αὐτὸς
888 2302 1019 2386 εὐδοκίμει
1035 2312 1132 2394 παρὰ
1148 2310 1292 2393 manriq*

256 2407 285 2471 iv
310 2409 426 2474 ἐλθόντα
448 2411 479 2472 it’
502 2409 628 2497 ἀπορίαν,
649 2411 698 2471 ὑπὸ
720 2409 770 2488 μὲν
792 2404 954 2475 nidred
975 2413 1180 2492 οταροφθῆναρ,
1204 2413 1292 2474 dcii*

257 2505 405 2591 Ἀρνςῖντντε
420 2517 585 2589 ambitam
607 2511 701 2573 verba
715 2508 840 2571 turbata
856 2507 902 2570 ita
918 2505 1164 2587 constituenda,
1181 2512 1250 2593 pasl
1261 2512 1292 2587 δ’,

258 2606 302 2669 ὅτε
320 2611 431 2694 περκαὶ
447 2613 525 2683 αὐτὸς
537 2607 665 2690 εὐδοκίμεε
678 2613 754 2694 παραὶ
774 2608 918 2693 Aminaion,
934 2612 1029 2670 imitat
1054 2610 1144 2693 (scii.
1165 2612 1289 2677 AEschi·

259 2709 345 2786 nem)
371 2707 485 2769 ἐλθόντα
506 2711 538 2768 ‘a't’
560 2706 684 2790 ἀπορίαν,
705 2733 734 2768 τι.
747 2730 775 2767 τ.
785 2720 816 2768 λ.
838 2707 1000 2769 ουᾶοεεττε
1017 2706 1156 2773 videtur
1171 2712 1290 2775 secutus

258 2807 318 2871 elie
343 2807 562 2885 idomeneum,
587 2829 681 2892 quem
705 2821 742 2871 ut
764 2807 967 2892 Epicureum,
994 2807 1125 2874 Platoni
1149 2813 1288 2879 inriden-

258 2919 338 2987 tem,
352 2907 500 2975 credibile
515 2910 557 2972 est
573 2907 698 2971 laudern
712 2906 958 2972 commendandi
971 2907 1171 2975 AEi'chinem
1184 2915 1227 2978 ab
1241 2914 1288 2977 illo

257 3009 298 3072 ad
313 3008 505 3095 Aristippum
522 3008 713 3073 traniiuiiiie.

300 3112 354 3191 67.
371 3111 409 3173 E.
430 3108 518 3193 ὥσπερ
532 3108 739 3191 ἐκκαθαίροντες
753 3105 826 3191 ittae
843 3105 967 3191 ἅπασαν]
993 3106 1057 3170 Vix
1075 3108 1288 3199 intelligatur,

258 3209 428 3296 quamnim
442 3209 557 3273 babeat
569 3206 671 3291 ὥσπερ,
685 3206 738 3270 nist
755 3206 907 3292 significet
921 3208 1206 3290 comparationem
1219 3234 1287 3277 cunr

215 3351 216 3355 =
259 3310 407 3375 Herculis
429 3310 588 3395 praecipua
608 3306 714 3385 laude,
736 3328 836 3391 eaque
851 3307 916 3370 l'erc
933 3307 1140 3390 proverbiali,
1158 3334 1225 3397 qua
1237 3334 1286 3377 cc·

260 3412 438 3475 lebrabatur
460 3408 656 3496 tyrannidem
684 3424 718 3471 et
744 3406 830 3492 ὕόρνν,
855 3407 1064 3494 hominesque
1088 3415 1287 3498 tyrannicos,

259 3512 435 3596 praedones,
451 3509 572 3594 ύὸριςᾶς,
588 3511 734 3586 monstra,
756 3531 795 3572 ex
816 3508 982 3572 bominum
1007 3510 1074 3574 vita
1087 3516 1287 3604 expurgetie.

261 3615 356 3675 l‘orro
376 3612 505 3695 Δεύτερον
524 3611 610 3673 τοίνυν
627 3610 765 3696 pertinet
777 3609 819 3672 ad
831 3609 971 3694 superins
994 3631 1027 3694 p.
1043 3614 1099 3674 66.
1115 3615 1158 3678 Ε.
1179 3626 1288 3701 πρῶτον

258 3717 413 3798 ἀφαιρῶμεν
427 3715 508 3787 αὐτῆς
521 3715 569 3788 τὴν
582 3710 780 3792 primatiam
818 3709 921 3796 Igitur
941 3711 1094 3776 Herculis
1117 3736 1287 3804 compara·

260 3817 317 3893 tio,
338 3815 405 3900 ipso
426 3814 494 3900 ejus
513 3815 642 3879 nornine
659 3815 780 3893 omisso,
796 3835 852 3899 per
866 3813 1157 3899 breviloquentiam
1173 3822 1288 3909 fignifi-

258 3931 331 3983 cata
352 3916 406 3994 est,
430 3930 463 3979 et
484 3915 574 3979 locus
598 3915 642 3979 ita
665 3913 893 4000 propemodum
915 3913 1120 3981 reddendust
1148 3922 1290 3987 Alterum

163 4052 169 4061 ·
257 4019 314 4104 est:
336 4029 380 4094 ut,
403 4028 553 4103 tamquam
576 4014 715 4078 Herculis
735 4014 861 4100 exemplo
882 4037 990 4077 amttam
1009 4021 1290 4087 contumeliarum·

256 4130 430 4207 pergentes,
442 4118 489 4203 βο
510 4141 530 4179 a
548 4116 641 4179 libem
654 4115 849 4179 admonitione
865 4116 1012 4179 demamus
1027 4141 1145 4186 omnent
1160 4137 1192 4188 ct
1206 4127 1291 4213 riliam

258 4234 285 4284 at
299 4223 480 4313 dicacitatem
496 4230 523 4284 ct
533 4216 747 4307 scurrilitatem
768 4215 849 4281 mala
870 4216 1078 4284 admonitionis
1093 4228 1291 4293 condimenta.
