<?xml version="1.0" encoding="UTF-8"?>
<!DOCTYPE html PUBLIC "-//W3C//DTD XHTML 1.0 Transitional//EN"
    "http://www.w3.org/TR/xhtml1/DTD/xhtml1-transitional.dtd">
<html xmlns="http://www.w3.org/1999/xhtml" xml:lang="en" lang="en">
 <head>
  <title>
</title>
<meta http-equiv="Content-Type" content="text/html;charset=utf-8" />
  <meta name='ocr-system' content='tesseract 3.04.00' />
  <meta name='ocr-capabilities' content='ocr_page ocr_carea ocr_par ocr_line ocrx_word'/>
</head>
<body>
  <div class='ocr_page' id='page_1' title='image "./plutarchichaero15plutgoog_0389.png"; bbox 0 0 2684 4762; ppageno 0'>
   <div class='ocr_carea' id='block_1_1' title="bbox 277 324 1176 403">
    <p class='ocr_par' dir='ltr' id='par_1_1' title="bbox 277 324 1176 403">
     <span class='ocr_line' id='line_1_1' title="bbox 277 324 1176 403; baseline -0.003 -12"><span class='ocrx_word' id='word_1_1' title='bbox 277 327 332 391; x_wconf 84' lang='lat' dir='ltr'>DE</span> <span class='ocrx_word' id='word_1_2' title='bbox 345 327 475 389; x_wconf 82' lang='lat' dir='ltr'>RECTA</span> <span class='ocrx_word' id='word_1_3' title='bbox 489 325 694 388; x_wconf 80' lang='lat' dir='ltr'><strong>AUDIENDI</strong></span> <span class='ocrx_word' id='word_1_4' title='bbox 707 324 897 386; x_wconf 83' lang='lat' dir='ltr'>RATIONE.</span> <span class='ocrx_word' id='word_1_5' title='bbox 913 345 941 403; x_wconf 94' lang='lat' dir='ltr'>p.</span> <span class='ocrx_word' id='word_1_6' title='bbox 949 333 998 386; x_wconf 81' lang='grc'>44.</span> <span class='ocrx_word' id='word_1_7' title='bbox 1010 327 1044 386; x_wconf 74' lang='lat' dir='ltr'>R</span> <span class='ocrx_word' id='word_1_8' title='bbox 1115 336 1176 390; x_wconf 72' lang='grc'>381.</span> 
     </span>
    </p>
   </div>
   <div class='ocr_carea' id='block_1_2' title="bbox 148 489 1178 985">
    <p class='ocr_par' dir='ltr' id='par_1_2' title="bbox 148 489 1178 985">
     <span class='ocr_line' id='line_1_2' title="bbox 148 489 1176 579; baseline 0 -23"><span class='ocrx_word' id='word_1_9' title='bbox 148 514 245 578; x_wconf 85' lang='lat' dir='ltr'>quam</span> <span class='ocrx_word' id='word_1_10' title='bbox 267 493 418 579; x_wconf 81' lang='lat' dir='ltr'><em>ingenium</em></span> <span class='ocrx_word' id='word_1_11' title='bbox 440 504 474 556; x_wconf 89' lang='lat' dir='ltr'>et</span> <span class='ocrx_word' id='word_1_12' title='bbox 488 490 687 579; x_wconf 80' lang='lat' dir='ltr'><em>sagacitatem</em></span> <span class='ocrx_word' id='word_1_13' title='bbox 713 489 838 554; x_wconf 80' lang='lat' dir='ltr'>videtur</span> <span class='ocrx_word' id='word_1_14' title='bbox 859 502 980 569; x_wconf 86' lang='lat' dir='ltr'>notare,</span> <span class='ocrx_word' id='word_1_15' title='bbox 1002 503 1080 554; x_wconf 91' lang='lat' dir='ltr'>tunc</span> <span class='ocrx_word' id='word_1_16' title='bbox 1103 511 1176 556; x_wconf 87' lang='lat' dir='ltr'>vero</span> 
     </span>
     <span class='ocr_line' id='line_1_3' title="bbox 148 591 1175 680; baseline -0.002 -23"><span class='ocrx_word' id='word_1_17' title='bbox 148 617 188 657; x_wconf 84' lang='lat' dir='ltr'>ea</span> <span class='ocrx_word' id='word_1_18' title='bbox 215 595 304 658; x_wconf 90' lang='lat' dir='ltr'>notio</span> <span class='ocrx_word' id='word_1_19' title='bbox 327 595 531 680; x_wconf 86' lang='lat' dir='ltr'>proficiscitur</span> <span class='ocrx_word' id='word_1_20' title='bbox 553 595 593 658; x_wconf 87' lang='lat' dir='ltr'>ab</span> <span class='ocrx_word' id='word_1_21' title='bbox 619 591 731 656; x_wconf 87' lang='lat' dir='ltr'>eadem</span> <span class='ocrx_word' id='word_1_22' title='bbox 757 592 887 656; x_wconf 88' lang='lat' dir='ltr'>notione</span> <span class='ocrx_word' id='word_1_23' title='bbox 908 592 1099 671; x_wconf 85' lang='lat' dir='ltr'>constantiae,</span> <span class='ocrx_word' id='word_1_24' title='bbox 1123 591 1175 657; x_wconf 87' lang='lat' dir='ltr'>cui</span> 
     </span>
     <span class='ocr_line' id='line_1_4' title="bbox 151 692 1178 778; baseline -0.001 -20"><span class='ocrx_word' id='word_1_25' title='bbox 151 696 241 759; x_wconf 91' lang='lat' dir='ltr'>nullo</span> <span class='ocrx_word' id='word_1_26' title='bbox 260 696 363 760; x_wconf 86' lang='lat' dir='ltr'>subito</span> <span class='ocrx_word' id='word_1_27' title='bbox 383 696 456 759; x_wconf 84' lang='lat' dir='ltr'>casu</span> <span class='ocrx_word' id='word_1_28' title='bbox 479 695 614 760; x_wconf 77' lang='lat' dir='ltr'>facultas</span> <span class='ocrx_word' id='word_1_29' title='bbox 638 692 804 778; x_wconf 84' lang='lat' dir='ltr'>judicandi</span> <span class='ocrx_word' id='word_1_30' title='bbox 830 692 1023 776; x_wconf 83' lang='lat' dir='ltr'>percellitur,</span> <span class='ocrx_word' id='word_1_31' title='bbox 1046 693 1099 756; x_wconf 88' lang='lat' dir='ltr'>sed</span> <span class='ocrx_word' id='word_1_32' title='bbox 1123 692 1178 758; x_wconf 86' lang='lat' dir='ltr'>fibi</span> 
     </span>
     <span class='ocr_line' id='line_1_5' title="bbox 149 795 1176 883; baseline -0.002 -21"><span class='ocrx_word' id='word_1_33' title='bbox 149 799 285 862; x_wconf 87' lang='lat' dir='ltr'>constat:</span> <span class='ocrx_word' id='word_1_34' title='bbox 302 821 372 883; x_wconf 83' lang='lat' dir='ltr'>quae</span> <span class='ocrx_word' id='word_1_35' title='bbox 388 798 505 862; x_wconf 88' lang='lat' dir='ltr'>dieitur</span> <span class='ocrx_word' id='word_1_36' title='bbox 517 797 609 860; x_wconf 83' lang='lat' dir='ltr'>animi</span> <span class='ocrx_word' id='word_1_37' title='bbox 622 795 799 883; x_wconf 71' lang='lat' dir='ltr'>presentia.-</span> <span class='ocrx_word' id='word_1_38' title='bbox 822 795 860 859; x_wconf 82' lang='lat' dir='ltr'>fic</span> <span class='ocrx_word' id='word_1_39' title='bbox 876 796 926 859; x_wconf 90' lang='lat' dir='ltr'>De</span> <span class='ocrx_word' id='word_1_40' title='bbox 941 795 1067 859; x_wconf 83' lang='lat' dir='ltr'>Virtute</span> <span class='ocrx_word' id='word_1_41' title='bbox 1082 795 1176 860; x_wconf 85' lang='lat' dir='ltr'><strong>Alex.</strong></span> 
     </span>
     <span class='ocr_line' id='line_1_6' title="bbox 150 895 1177 985; baseline -0.002 -22"><span class='ocrx_word' id='word_1_42' title='bbox 150 920 183 984; x_wconf 91' lang='lat' dir='ltr'>p.</span> <span class='ocrx_word' id='word_1_43' title='bbox 199 918 274 983; x_wconf 84' lang='lat'><strong>342.</strong></span> <span class='ocrx_word' id='word_1_44' title='bbox 293 902 335 963; x_wconf 81' lang='lat' dir='ltr'>F:</span> <span class='ocrx_word' id='word_1_45' title='bbox 364 898 499 963; x_wconf 70' lang='grc' dir='ltr'>εὒσέἕααν</span> <span class='ocrx_word' id='word_1_46' title='bbox 522 901 590 985; x_wconf 68' lang='grc' dir='ltr'>περὶ</span> <span class='ocrx_word' id='word_1_47' title='bbox 617 895 694 979; x_wconf 67' lang='lat' dir='ltr'>sele,</span> <span class='ocrx_word' id='word_1_48' title='bbox 720 896 887 984; x_wconf 66' lang='grc' dir='ltr'>πῖςννυνςδς</span> <span class='ocrx_word' id='word_1_49' title='bbox 912 898 1007 980; x_wconf 67' lang='grc' dir='ltr'>φίλας,</span> <span class='ocrx_word' id='word_1_50' title='bbox 1032 897 1177 978; x_wconf 75' lang='grc' dir='ltr'>εὐτέλειαν,</span> 
     </span>
    </p>
   </div>
   <div class='ocr_carea' id='block_1_3' title="bbox 148 998 1269 4337">
    <p class='ocr_par' dir='ltr' id='par_1_3' title="bbox 149 998 1269 1792">
     <span class='ocr_line' id='line_1_7' title="bbox 151 998 1178 1087; baseline 0.001 -25"><span class='ocrx_word' id='word_1_51' title='bbox 151 1001 326 1087; x_wconf 67' lang='grc' dir='ltr'>ἔγκςάτυαν,</span> <span class='ocrx_word' id='word_1_52' title='bbox 346 1000 493 1087; x_wconf 73' lang='grc' dir='ltr'><strong><em>ἐμπειρίαν,</em></strong></span> <span class='ocrx_word' id='word_1_53' title='bbox 516 998 631 1080; x_wconf 64' lang='lat' dir='ltr'>&amp;podiae</span> <span class='ocrx_word' id='word_1_54' title='bbox 653 1001 726 1086; x_wconf 73' lang='grc' dir='ltr'>υτςδς</span> <span class='ocrx_word' id='word_1_55' title='bbox 750 999 880 1077; x_wconf 73' lang='grc' dir='ltr'>θάνατον,</span> <span class='ocrx_word' id='word_1_56' title='bbox 905 999 1054 1085; x_wconf 68' lang='grc' dir='ltr'>εὐψυχίαν,</span> <span class='ocrx_word' id='word_1_57' title='bbox 1078 1016 1178 1081; x_wconf 73' lang='grc' dir='ltr'>φνλαν·</span> 
     </span>
     <span class='ocr_line' id='line_1_8' title="bbox 150 1099 1179 1188; baseline 0 -24"><span class='ocrx_word' id='word_1_58' title='bbox 150 1102 285 1188; x_wconf 70' lang='grc' dir='ltr'>θρανπῖαν,</span> <span class='ocrx_word' id='word_1_59' title='bbox 307 1102 417 1184; x_wconf 75' lang='grc' dir='ltr'>ὁμιλίαν</span> <span class='ocrx_word' id='word_1_60' title='bbox 437 1103 594 1187; x_wconf 75' lang='grc' dir='ltr'>εὐᾶρμυςυν,</span> <span class='ocrx_word' id='word_1_61' title='bbox 617 1103 730 1176; x_wconf 70' lang='grc' dir='ltr'>ἀψευδὲς</span> <span class='ocrx_word' id='word_1_62' title='bbox 751 1099 827 1179; x_wconf 74' lang='grc' dir='ltr'>ἦδος,</span> <span class='ocrx_word' id='word_1_63' title='bbox 850 1100 992 1173; x_wconf 61' lang='lat' dir='ltr'>timidum</span> <span class='ocrx_word' id='word_1_64' title='bbox 1013 1105 1039 1163; x_wconf 78' lang='lat' dir='ltr'>ie</span> <span class='ocrx_word' id='word_1_65' title='bbox 1063 1104 1179 1182; x_wconf 78' lang='grc' dir='ltr'>βυλαῖς,</span> 
     </span>
     <span class='ocr_line' id='line_1_9' title="bbox 149 1200 1179 1289; baseline 0.001 -25"><span class='ocrx_word' id='word_1_66' title='bbox 149 1202 240 1286; x_wconf 78' lang='grc' dir='ltr'><em>τάχος</em></span> <span class='ocrx_word' id='word_1_67' title='bbox 255 1207 280 1264; x_wconf 77' lang='grc' dir='ltr'>ἐν</span> <span class='ocrx_word' id='word_1_68' title='bbox 294 1205 472 1289; x_wconf 50' lang='grc' dir='ltr'>πράξεσι-ε.</span> <span class='ocrx_word' id='word_1_69' title='bbox 511 1202 672 1272; x_wconf 82' lang='lat' dir='ltr'>Publicola</span> <span class='ocrx_word' id='word_1_70' title='bbox 691 1224 724 1288; x_wconf 93' lang='lat' dir='ltr'>p.</span> <span class='ocrx_word' id='word_1_71' title='bbox 743 1221 815 1282; x_wconf 89' lang='lat'>104.</span> <span class='ocrx_word' id='word_1_72' title='bbox 831 1203 869 1265; x_wconf 86' lang='lat' dir='ltr'>E.</span> <span class='ocrx_word' id='word_1_73' title='bbox 888 1201 927 1265; x_wconf 85' lang='lat' dir='ltr'>de</span> <span class='ocrx_word' id='word_1_74' title='bbox 945 1200 1095 1280; x_wconf 87' lang='lat' dir='ltr'>Horatio,</span> <span class='ocrx_word' id='word_1_75' title='bbox 1111 1202 1179 1287; x_wconf 91' lang='lat' dir='ltr'>qui,</span> 
     </span>
     <span class='ocr_line' id='line_1_10' title="bbox 152 1301 1179 1388; baseline 0.003 -23"><span class='ocrx_word' id='word_1_76' title='bbox 152 1301 193 1365; x_wconf 88' lang='lat' dir='ltr'>ad</span> <span class='ocrx_word' id='word_1_77' title='bbox 209 1301 356 1366; x_wconf 86' lang='lat' dir='ltr'>nuntium</span> <span class='ocrx_word' id='word_1_78' title='bbox 371 1302 411 1366; x_wconf 89' lang='lat' dir='ltr'>de</span> <span class='ocrx_word' id='word_1_79' title='bbox 426 1302 482 1366; x_wconf 79' lang='lat' dir='ltr'>tilii</span> <span class='ocrx_word' id='word_1_80' title='bbox 496 1316 598 1367; x_wconf 88' lang='lat' dir='ltr'>morte</span> <span class='ocrx_word' id='word_1_81' title='bbox 618 1302 662 1365; x_wconf 92' lang='lat' dir='ltr'>nil</span> <span class='ocrx_word' id='word_1_82' title='bbox 680 1316 875 1380; x_wconf 88' lang='lat' dir='ltr'>commotus,</span> <span class='ocrx_word' id='word_1_83' title='bbox 897 1302 1083 1367; x_wconf 82' lang='lat' dir='ltr'>sacrificium</span> <span class='ocrx_word' id='word_1_84' title='bbox 1106 1325 1179 1388; x_wconf 89' lang='lat' dir='ltr'>per·</span> 
     </span>
     <span class='ocr_line' id='line_1_11' title="bbox 152 1402 1179 1490; baseline 0.001 -24"><span class='ocrx_word' id='word_1_85' title='bbox 152 1403 239 1489; x_wconf 83' lang='lat' dir='ltr'>egit:</span> <span class='ocrx_word' id='word_1_86' title='bbox 263 1405 407 1485; x_wconf 69' lang='grc' dir='ltr'>δαυμαςδς</span> <span class='ocrx_word' id='word_1_87' title='bbox 421 1402 464 1467; x_wconf 80' lang='grc' dir='ltr'>οὖν</span> <span class='ocrx_word' id='word_1_88' title='bbox 483 1409 497 1465; x_wconf 85' lang='grc' dir='ltr'>δ</span> <span class='ocrx_word' id='word_1_89' title='bbox 510 1407 576 1490; x_wconf 66' lang='grc' dir='ltr'>ἀνὴρ</span> <span class='ocrx_word' id='word_1_90' title='bbox 588 1409 635 1479; x_wconf 78' lang='grc' dir='ltr'>τῆς</span> <span class='ocrx_word' id='word_1_91' title='bbox 650 1404 803 1482; x_wconf 61' lang='lat' dir='ltr'>eds-adrias,</span> <span class='ocrx_word' id='word_1_92' title='bbox 818 1403 871 1467; x_wconf 75' lang='lat' dir='ltr'>sire</span> <span class='ocrx_word' id='word_1_93' title='bbox 883 1408 931 1482; x_wconf 74' lang='grc' dir='ltr'>τὴν</span> <span class='ocrx_word' id='word_1_94' title='bbox 945 1405 1052 1480; x_wconf 77' lang='grc' dir='ltr'>ἀπάτην</span> <span class='ocrx_word' id='word_1_95' title='bbox 1071 1408 1096 1466; x_wconf 78' lang='grc' dir='ltr'>ἓν</span> <span class='ocrx_word' id='word_1_96' title='bbox 1114 1432 1179 1467; x_wconf 82' lang='grc' dir='ltr'>και·</span> 
     </span>
     <span class='ocr_line' id='line_1_12' title="bbox 152 1503 1181 1592; baseline 0.006 -28"><span class='ocrx_word' id='word_1_97' title='bbox 152 1531 190 1592; x_wconf 73' lang='lat' dir='ltr'>prp</span> <span class='ocrx_word' id='word_1_98' title='bbox 176 1507 305 1590; x_wconf 69' lang='grc' dir='ltr'>βραχεῖ</span> <span class='ocrx_word' id='word_1_99' title='bbox 320 1504 485 1583; x_wconf 74' lang='grc' dir='ltr'>συνεῖδεν,</span> <span class='ocrx_word' id='word_1_100' title='bbox 459 1531 511 1567; x_wconf 79' lang='lat' dir='ltr'>erre</span> <span class='ocrx_word' id='word_1_101' title='bbox 526 1503 692 1577; x_wconf 61' lang='lat' dir='ltr'>wreeoesle&#39;</span> <span class='ocrx_word' id='word_1_102' title='bbox 681 1531 694 1566; x_wconf 91' lang='grc' dir='ltr'>ο</span> <span class='ocrx_word' id='word_1_103' title='bbox 709 1505 791 1588; x_wconf 77' lang='grc' dir='ltr'><em>λόγος</em></span> <span class='ocrx_word' id='word_1_104' title='bbox 807 1510 854 1568; x_wconf 80' lang='grc' dir='ltr'>οὐκ</span> <span class='ocrx_word' id='word_1_105' title='bbox 870 1505 988 1583; x_wconf 76' lang='grc' dir='ltr'>ἐκίνησεν</span> <span class='ocrx_word' id='word_1_106' title='bbox 1002 1506 1101 1569; x_wconf 73' lang='grc' dir='ltr'>αὐτὸντ</span> <span class='ocrx_word' id='word_1_107' title='bbox 1126 1529 1181 1570; x_wconf 81' lang='lat' dir='ltr'>ea·</span> 
     </span>
     <span class='ocr_line' id='line_1_13' title="bbox 152 1601 1269 1714; baseline 0.004 -48"><span class='ocrx_word' id='word_1_108' title='bbox 152 1601 228 1667; x_wconf 90' lang='lat' dir='ltr'>dem</span> <span class='ocrx_word' id='word_1_109' title='bbox 248 1604 290 1666; x_wconf 87' lang='lat' dir='ltr'>est</span> <span class='ocrx_word' id='word_1_110' title='bbox 309 1603 650 1689; x_wconf 85' lang='lat' dir='ltr'>ratioinEumenep.</span> <span class='ocrx_word' id='word_1_111' title='bbox 667 1604 741 1686; x_wconf 83' lang='lat'><strong>588.</strong></span> <span class='ocrx_word' id='word_1_112' title='bbox 758 1606 800 1668; x_wconf 92' lang='lat' dir='ltr'>D.</span> <span class='ocrx_word' id='word_1_113' title='bbox 838 1605 891 1668; x_wconf 85' lang='lat' dir='ltr'>Ab</span> <span class='ocrx_word' id='word_1_114' title='bbox 914 1605 974 1668; x_wconf 81' lang='lat' dir='ltr'>hac</span> <span class='ocrx_word' id='word_1_115' title='bbox 996 1606 1114 1714; x_wconf 84' lang='lat' dir='ltr'>diversa</span> <span class='ocrx_word' id='word_1_116' title='bbox 1137 1607 1180 1670; x_wconf 84' lang='lat' dir='ltr'>est</span> <span class='ocrx_word' id='word_1_117' title='bbox 1266 1686 1269 1692; x_wconf 70' lang='lat'>,</span> 
     </span>
     <span class='ocr_line' id='line_1_14' title="bbox 154 1707 895 1792; baseline 0.008 -25"><span class='ocrx_word' id='word_1_118' title='bbox 154 1710 201 1779; x_wconf 76' lang='lat' dir='ltr'>ed,-</span> <span class='ocrx_word' id='word_1_119' title='bbox 202 1707 283 1770; x_wconf 74' lang='grc' dir='ltr'>ἄδεια</span> <span class='ocrx_word' id='word_1_120' title='bbox 297 1707 439 1792; x_wconf 83' lang='lat' dir='ltr'>Epicuri,</span> <span class='ocrx_word' id='word_1_121' title='bbox 455 1707 495 1770; x_wconf 88' lang='lat' dir='ltr'>de</span> <span class='ocrx_word' id='word_1_122' title='bbox 508 1729 571 1792; x_wconf 87' lang='lat' dir='ltr'>qua</span> <span class='ocrx_word' id='word_1_123' title='bbox 584 1708 640 1770; x_wconf 86' lang='lat' dir='ltr'>suo</span> <span class='ocrx_word' id='word_1_124' title='bbox 654 1708 726 1771; x_wconf 91' lang='lat' dir='ltr'>loco</span> <span class='ocrx_word' id='word_1_125' title='bbox 740 1707 895 1774; x_wconf 83' lang='lat' dir='ltr'><strong>dicemus</strong></span> 
     </span>
    </p>

    <p class='ocr_par' dir='ltr' id='par_1_4' title="bbox 148 1809 1183 2281">
     <span class='ocr_line' id='line_1_15' title="bbox 194 1809 1182 1897; baseline 0.007 -26"><span class='ocrx_word' id='word_1_126' title='bbox 194 1831 249 1891; x_wconf 81' lang='lat'>44.</span> <span class='ocrx_word' id='word_1_127' title='bbox 266 1811 302 1872; x_wconf 91' lang='lat' dir='ltr'>B.</span> <span class='ocrx_word' id='word_1_128' title='bbox 326 1815 408 1872; x_wconf 82' lang='grc' dir='ltr'>αὐτοῦ</span> <span class='ocrx_word' id='word_1_129' title='bbox 422 1810 517 1892; x_wconf 81' lang='grc' dir='ltr'>δοκῶν]</span> <span class='ocrx_word' id='word_1_130' title='bbox 553 1810 589 1871; x_wconf 91' lang='lat' dir='ltr'>In</span> <span class='ocrx_word' id='word_1_131' title='bbox 614 1809 844 1873; x_wconf 85' lang='lat' dir='ltr'><strong>emendationis</strong></span> <span class='ocrx_word' id='word_1_132' title='bbox 870 1824 946 1875; x_wconf 78' lang='lat' dir='ltr'>nota</span> <span class='ocrx_word' id='word_1_133' title='bbox 971 1832 1029 1896; x_wconf 94' lang='lat' dir='ltr'>pro</span> <span class='ocrx_word' id='word_1_134' title='bbox 1054 1810 1182 1897; x_wconf 65' lang='lat' dir='ltr'>Wstrum</span> 
     </span>
     <span class='ocr_line' id='line_1_16' title="bbox 155 1911 1183 2000; baseline 0.002 -24"><span class='ocrx_word' id='word_1_135' title='bbox 155 1913 281 2000; x_wconf 86' lang='lat' dir='ltr'>legatur</span> <span class='ocrx_word' id='word_1_136' title='bbox 295 1911 441 1997; x_wconf 77' lang='lat' dir='ltr'>llustrum.</span> <span class='ocrx_word' id='word_1_137' title='bbox 477 1912 652 1991; x_wconf 85' lang='lat' dir='ltr'>Caeterum,</span> <span class='ocrx_word' id='word_1_138' title='bbox 667 1927 700 1975; x_wconf 90' lang='lat' dir='ltr'>et</span> <span class='ocrx_word' id='word_1_139' title='bbox 714 1915 857 1976; x_wconf 89' lang='lat' dir='ltr'>Venetus</span> <span class='ocrx_word' id='word_1_140' title='bbox 872 1912 994 1977; x_wconf 85' lang='lat' dir='ltr'>videtur</span> <span class='ocrx_word' id='word_1_141' title='bbox 1007 1916 1183 1978; x_wconf 87' lang='lat' dir='ltr'>consentire</span> 
     </span>
     <span class='ocr_line' id='line_1_17' title="bbox 154 2012 1182 2100; baseline 0.002 -22"><span class='ocrx_word' id='word_1_142' title='bbox 154 2014 187 2078; x_wconf 88' lang='lat' dir='ltr'>in</span> <span class='ocrx_word' id='word_1_143' title='bbox 209 2019 291 2076; x_wconf 72' lang='grc' dir='ltr'>αὑτοῦ</span> <span class='ocrx_word' id='word_1_144' title='bbox 317 2017 411 2092; x_wconf 76' lang='grc' dir='ltr'>δοκῶν,</span> <span class='ocrx_word' id='word_1_145' title='bbox 437 2012 587 2098; x_wconf 88' lang='lat' dir='ltr'>fiquidem</span> <span class='ocrx_word' id='word_1_146' title='bbox 613 2012 682 2100; x_wconf 87' lang='lat' dir='ltr'>ejus</span> <span class='ocrx_word' id='word_1_147' title='bbox 704 2013 844 2093; x_wconf 78' lang='lat' dir='ltr'>collatio,</span> <span class='ocrx_word' id='word_1_148' title='bbox 869 2015 909 2078; x_wconf 82' lang='lat' dir='ltr'>ad</span> <span class='ocrx_word' id='word_1_149' title='bbox 931 2015 1182 2100; x_wconf 83' lang='lat' dir='ltr'>Stephanianum</span> 
     </span>
     <span class='ocr_line' id='line_1_18' title="bbox 148 2112 1183 2200; baseline 0.002 -21"><span class='ocrx_word' id='word_1_150' title='bbox 148 2115 336 2200; x_wconf 37' lang='lat' dir='ltr'>&#39;exemplum</span> <span class='ocrx_word' id='word_1_151' title='bbox 364 2114 459 2192; x_wconf 74' lang='lat' dir='ltr'>faeta,</span> <span class='ocrx_word' id='word_1_152' title='bbox 482 2114 526 2177; x_wconf 91' lang='lat' dir='ltr'>nil</span> <span class='ocrx_word' id='word_1_153' title='bbox 549 2112 647 2178; x_wconf 86' lang='lat' dir='ltr'>habet</span> <span class='ocrx_word' id='word_1_154' title='bbox 670 2113 849 2179; x_wconf 76' lang='lat' dir='ltr'>varietatist</span> <span class='ocrx_word' id='word_1_155' title='bbox 883 2114 1073 2181; x_wconf 87' lang='lat' dir='ltr'>Harleianus</span> <span class='ocrx_word' id='word_1_156' title='bbox 1100 2124 1183 2181; x_wconf 69' lang='grc' dir='ltr'>αυτοῦ</span> 
     </span>
     <span class='ocr_line' id='line_1_19' title="bbox 154 2218 1161 2281; baseline 0.003 -3"><span class='ocrx_word' id='word_1_157' title='bbox 154 2218 248 2281; x_wconf 75' lang='grc' dir='ltr'>δοκεῖν.</span> <span class='ocrx_word' id='word_1_158' title='bbox 1157 2233 1161 2239; x_wconf 92' lang='grc'><em>’</em></span> 
     </span>
    </p>

    <p class='ocr_par' dir='ltr' id='par_1_5' title="bbox 157 2319 1194 4337">
     <span class='ocr_line' id='line_1_20' title="bbox 198 2319 1183 2408; baseline -0.001 -22"><span class='ocrx_word' id='word_1_159' title='bbox 198 2341 252 2401; x_wconf 89' lang='grc'>44.</span> <span class='ocrx_word' id='word_1_160' title='bbox 268 2321 306 2386; x_wconf 89' lang='grc' dir='ltr'>Β.</span> <span class='ocrx_word' id='word_1_161' title='bbox 329 2321 612 2408; x_wconf 64' lang='grc' dir='ltr'>Πυθαγόρα-μηδὲν</span> <span class='ocrx_word' id='word_1_162' title='bbox 634 2320 798 2406; x_wconf 69' lang='grc' dir='ltr'>θαυμάζων]</span> <span class='ocrx_word' id='word_1_163' title='bbox 828 2320 880 2384; x_wconf 90' lang='lat' dir='ltr'>De</span> <span class='ocrx_word' id='word_1_164' title='bbox 901 2319 1050 2384; x_wconf 83' lang='lat' dir='ltr'>audiente</span> <span class='ocrx_word' id='word_1_165' title='bbox 1073 2320 1183 2386; x_wconf 89' lang='lat' dir='ltr'>dicen·</span> 
     </span>
     <span class='ocr_line' id='line_1_21' title="bbox 157 2422 1185 2501; baseline 0.002 -16"><span class='ocrx_word' id='word_1_166' title='bbox 157 2434 221 2486; x_wconf 87' lang='lat' dir='ltr'>tem</span> <span class='ocrx_word' id='word_1_167' title='bbox 236 2423 424 2501; x_wconf 83' lang='lat' dir='ltr'>admirante,</span> <span class='ocrx_word' id='word_1_168' title='bbox 440 2422 581 2486; x_wconf 84' lang='lat' dir='ltr'>videatur</span> <span class='ocrx_word' id='word_1_169' title='bbox 599 2422 738 2486; x_wconf 90' lang='lat' dir='ltr'>Musonii</span> <span class='ocrx_word' id='word_1_170' title='bbox 758 2422 855 2486; x_wconf 75' lang='lat' dir='ltr'>dietio</span> <span class='ocrx_word' id='word_1_171' title='bbox 869 2437 908 2485; x_wconf 85' lang='lat' dir='ltr'>ex</span> <span class='ocrx_word' id='word_1_172' title='bbox 922 2423 1027 2487; x_wconf 89' lang='lat' dir='ltr'>Gellio</span> <span class='ocrx_word' id='word_1_173' title='bbox 1041 2424 1087 2487; x_wconf 83' lang='lat' dir='ltr'>V.</span> <span class='ocrx_word' id='word_1_174' title='bbox 1101 2425 1127 2486; x_wconf 91' lang='lat' dir='ltr'>I.</span> <span class='ocrx_word' id='word_1_175' title='bbox 1144 2423 1185 2487; x_wconf 87' lang='lat' dir='ltr'>ad</span> 
     </span>
     <span class='ocr_line' id='line_1_22' title="bbox 157 2522 1184 2611; baseline 0 -24"><span class='ocrx_word' id='word_1_176' title='bbox 157 2546 189 2610; x_wconf 93' lang='lat' dir='ltr'>p.</span> <span class='ocrx_word' id='word_1_177' title='bbox 200 2527 254 2606; x_wconf 84' lang='lat'>46.</span> <span class='ocrx_word' id='word_1_178' title='bbox 270 2526 308 2587; x_wconf 89' lang='grc' dir='ltr'>Β.</span> <span class='ocrx_word' id='word_1_179' title='bbox 340 2524 406 2611; x_wconf 75' lang='lat' dir='ltr'>Qui</span> <span class='ocrx_word' id='word_1_180' title='bbox 420 2537 526 2587; x_wconf 89' lang='lat' dir='ltr'>autem</span> <span class='ocrx_word' id='word_1_181' title='bbox 542 2522 639 2610; x_wconf 90' lang='lat' dir='ltr'>hujus</span> <span class='ocrx_word' id='word_1_182' title='bbox 653 2522 737 2586; x_wconf 81' lang='lat' dir='ltr'>effati</span> <span class='ocrx_word' id='word_1_183' title='bbox 754 2523 966 2609; x_wconf 86' lang='lat' dir='ltr'>Pythagoram</span> <span class='ocrx_word' id='word_1_184' title='bbox 981 2523 1092 2586; x_wconf 88' lang='lat' dir='ltr'>fecerit</span> <span class='ocrx_word' id='word_1_185' title='bbox 1106 2545 1184 2587; x_wconf 83' lang='lat' dir='ltr'>auc-</span> 
     </span>
     <span class='ocr_line' id='line_1_23' title="bbox 158 2624 1186 2711; baseline -0.001 -20"><span class='ocrx_word' id='word_1_186' title='bbox 158 2643 273 2705; x_wconf 84' lang='lat' dir='ltr'>torem,</span> <span class='ocrx_word' id='word_1_187' title='bbox 289 2627 375 2691; x_wconf 83' lang='lat' dir='ltr'>haud</span> <span class='ocrx_word' id='word_1_188' title='bbox 389 2626 464 2706; x_wconf 84' lang='lat' dir='ltr'>scie,</span> <span class='ocrx_word' id='word_1_189' title='bbox 484 2648 523 2689; x_wconf 84' lang='lat' dir='ltr'>an</span> <span class='ocrx_word' id='word_1_190' title='bbox 545 2640 660 2711; x_wconf 86' lang='lat' dir='ltr'>praeter</span> <span class='ocrx_word' id='word_1_191' title='bbox 679 2625 885 2689; x_wconf 86' lang='lat' dir='ltr'>Plutarchum</span> <span class='ocrx_word' id='word_1_192' title='bbox 908 2625 970 2689; x_wconf 88' lang='lat' dir='ltr'>hoc</span> <span class='ocrx_word' id='word_1_193' title='bbox 990 2624 1061 2690; x_wconf 92' lang='lat' dir='ltr'>loco</span> <span class='ocrx_word' id='word_1_194' title='bbox 1080 2626 1186 2691; x_wconf 88' lang='lat' dir='ltr'>nullus</span> 
     </span>
     <span class='ocr_line' id='line_1_24' title="bbox 158 2728 1184 2816; baseline 0.002 -24"><span class='ocrx_word' id='word_1_195' title='bbox 158 2730 193 2793; x_wconf 84' lang='lat' dir='ltr'>srt</span> <span class='ocrx_word' id='word_1_196' title='bbox 221 2753 333 2794; x_wconf 87' lang='lat' dir='ltr'>eorum</span> <span class='ocrx_word' id='word_1_197' title='bbox 362 2729 504 2815; x_wconf 85' lang='lat' dir='ltr'>quidem,</span> <span class='ocrx_word' id='word_1_198' title='bbox 535 2751 672 2815; x_wconf 90' lang='lat' dir='ltr'>quorum</span> <span class='ocrx_word' id='word_1_199' title='bbox 707 2728 748 2793; x_wconf 88' lang='lat' dir='ltr'>ad</span> <span class='ocrx_word' id='word_1_200' title='bbox 784 2751 842 2793; x_wconf 91' lang='lat' dir='ltr'>nos</span> <span class='ocrx_word' id='word_1_201' title='bbox 876 2745 1031 2798; x_wconf 84' lang='lat' dir='ltr'>venerunt</span> <span class='ocrx_word' id='word_1_202' title='bbox 1059 2731 1184 2816; x_wconf 80' lang='lat' dir='ltr'>scripta.</span> 
     </span>
     <span class='ocr_line' id='line_1_25' title="bbox 160 2831 1184 2918; baseline 0.002 -23"><span class='ocrx_word' id='word_1_203' title='bbox 160 2833 342 2895; x_wconf 86' lang='lat' dir='ltr'>Commune</span> <span class='ocrx_word' id='word_1_204' title='bbox 361 2832 422 2893; x_wconf 88' lang='lat' dir='ltr'>fuit</span> <span class='ocrx_word' id='word_1_205' title='bbox 441 2832 504 2894; x_wconf 89' lang='lat' dir='ltr'>hoc</span> <span class='ocrx_word' id='word_1_206' title='bbox 522 2845 718 2915; x_wconf 69' lang='lat' dir='ltr'>preceptum</span> <span class='ocrx_word' id='word_1_207' title='bbox 737 2832 883 2893; x_wconf 89' lang='lat' dir='ltr'>omnium</span> <span class='ocrx_word' id='word_1_208' title='bbox 899 2832 963 2894; x_wconf 84' lang='lat' dir='ltr'>fere</span> <span class='ocrx_word' id='word_1_209' title='bbox 978 2831 1184 2918; x_wconf 86' lang='lat' dir='ltr'>philosopho·</span> 
     </span>
     <span class='ocr_line' id='line_1_26' title="bbox 160 2931 1186 3015; baseline 0.004 -19"><span class='ocrx_word' id='word_1_210' title='bbox 160 2956 243 3009; x_wconf 87' lang='lat' dir='ltr'>rum,</span> <span class='ocrx_word' id='word_1_211' title='bbox 259 2932 395 2996; x_wconf 84' lang='lat' dir='ltr'>maxime</span> <span class='ocrx_word' id='word_1_212' title='bbox 411 2946 517 2994; x_wconf 77' lang='lat' dir='ltr'>tomen</span> <span class='ocrx_word' id='word_1_213' title='bbox 532 2931 680 3015; x_wconf 83' lang='lat' dir='ltr'>frequens</span> <span class='ocrx_word' id='word_1_214' title='bbox 702 2933 840 2995; x_wconf 83' lang='lat' dir='ltr'>Stoicis:</span> <span class='ocrx_word' id='word_1_215' title='bbox 864 2934 987 2996; x_wconf 83' lang='lat' dir='ltr'>Zenoni</span> <span class='ocrx_word' id='word_1_216' title='bbox 1002 2933 1114 2998; x_wconf 82' lang='lat' dir='ltr'>diserte</span> <span class='ocrx_word' id='word_1_217' title='bbox 1128 2937 1186 2999; x_wconf 90' lang='lat' dir='ltr'>tri·</span> 
     </span>
     <span class='ocr_line' id='line_1_27' title="bbox 159 3032 1188 3120; baseline 0.004 -23"><span class='ocrx_word' id='word_1_218' title='bbox 159 3035 230 3098; x_wconf 94' lang='lat' dir='ltr'>buit</span> <span class='ocrx_word' id='word_1_219' title='bbox 251 3032 415 3118; x_wconf 84' lang='lat' dir='ltr'>Diogenes</span> <span class='ocrx_word' id='word_1_220' title='bbox 430 3032 576 3096; x_wconf 85' lang='lat' dir='ltr'>Laertius</span> <span class='ocrx_word' id='word_1_221' title='bbox 589 3033 666 3095; x_wconf 92' lang='lat' dir='ltr'>Vll.</span> <span class='ocrx_word' id='word_1_222' title='bbox 685 3051 760 3116; x_wconf 81' lang='lat'>123:</span> <span class='ocrx_word' id='word_1_223' title='bbox 783 3036 830 3095; x_wconf 82' lang='grc' dir='ltr'>τὸν</span> <span class='ocrx_word' id='word_1_224' title='bbox 847 3037 928 3115; x_wconf 74' lang='grc' dir='ltr'>σοφὸν</span> <span class='ocrx_word' id='word_1_225' title='bbox 950 3036 1020 3097; x_wconf 83' lang='grc' dir='ltr'>οὐδὲν</span> <span class='ocrx_word' id='word_1_226' title='bbox 1037 3039 1188 3120; x_wconf 71' lang='grc' dir='ltr'>θαυμάζειν</span> 
     </span>
     <span class='ocr_line' id='line_1_28' title="bbox 159 3133 1189 3222; baseline 0.004 -23"><span class='ocrx_word' id='word_1_227' title='bbox 159 3145 212 3199; x_wconf 79' lang='grc' dir='ltr'>τῶν</span> <span class='ocrx_word' id='word_1_228' title='bbox 234 3133 367 3198; x_wconf 72' lang='grc' dir='ltr'>δυκέντυν</span> <span class='ocrx_word' id='word_1_229' title='bbox 387 3133 564 3220; x_wconf 67' lang='grc' dir='ltr'>παραδόξων.</span> <span class='ocrx_word' id='word_1_230' title='bbox 602 3133 727 3210; x_wconf 88' lang='lat' dir='ltr'>Cicero,</span> <span class='ocrx_word' id='word_1_231' title='bbox 747 3133 802 3219; x_wconf 91' lang='lat' dir='ltr'>qui</span> <span class='ocrx_word' id='word_1_232' title='bbox 824 3134 889 3198; x_wconf 88' lang='lat' dir='ltr'>fere</span> <span class='ocrx_word' id='word_1_233' title='bbox 911 3135 1189 3222; x_wconf 87' lang='lat' dir='ltr'>Stoicossequitur</span> 
     </span>
     <span class='ocr_line' id='line_1_29' title="bbox 160 3224 1190 3322; baseline 0.003 -22"><span class='ocrx_word' id='word_1_234' title='bbox 160 3236 193 3300; x_wconf 91' lang='lat' dir='ltr'>in</span> <span class='ocrx_word' id='word_1_235' title='bbox 214 3235 400 3301; x_wconf 85' lang='lat' dir='ltr'>Tusculanis</span> <span class='ocrx_word' id='word_1_236' title='bbox 416 3235 477 3297; x_wconf 89' lang='lat'>111.</span> <span class='ocrx_word' id='word_1_237' title='bbox 497 3254 555 3314; x_wconf 86' lang='lat'>14:</span> <span class='ocrx_word' id='word_1_238' title='bbox 585 3235 625 3298; x_wconf 82' lang='lat' dir='ltr'>Et</span> <span class='ocrx_word' id='word_1_239' title='bbox 644 3224 783 3297; x_wconf 77' lang='lat' dir='ltr'>nimirum</span> <span class='ocrx_word' id='word_1_240' title='bbox 804 3235 869 3298; x_wconf 62' lang='grc' dir='ltr'>[ναι</span> <span class='ocrx_word' id='word_1_241' title='bbox 882 3233 921 3319; x_wconf 84' lang='lat' dir='ltr'>est</span> <span class='ocrx_word' id='word_1_242' title='bbox 934 3233 989 3298; x_wconf 83' lang='lat' dir='ltr'>illa</span> <span class='ocrx_word' id='word_1_243' title='bbox 1002 3237 1146 3322; x_wconf 65' lang='lat' dir='ltr'>prestans</span> <span class='ocrx_word' id='word_1_244' title='bbox 1161 3252 1190 3304; x_wconf 81' lang='lat' dir='ltr'>et</span> 
     </span>
     <span class='ocr_line' id='line_1_30' title="bbox 161 3336 1189 3424; baseline 0.003 -22"><span class='ocrx_word' id='word_1_245' title='bbox 161 3337 269 3402; x_wconf 81' lang='lat' dir='ltr'>divina</span> <span class='ocrx_word' id='word_1_246' title='bbox 280 3337 444 3424; x_wconf 51' lang='lat' dir='ltr'>sumentia,</span> <span class='ocrx_word' id='word_1_247' title='bbox 461 3347 488 3397; x_wconf 84' lang='lat' dir='ltr'>et</span> <span class='ocrx_word' id='word_1_248' title='bbox 507 3349 656 3424; x_wconf 80' lang='lat' dir='ltr'>perceptus</span> <span class='ocrx_word' id='word_1_249' title='bbox 669 3336 784 3422; x_wconf 67' lang='lat' dir='ltr'>penitus</span> <span class='ocrx_word' id='word_1_250' title='bbox 803 3348 830 3399; x_wconf 81' lang='lat' dir='ltr'>et</span> <span class='ocrx_word' id='word_1_251' title='bbox 849 3346 1050 3423; x_wconf 61' lang='lat' dir='ltr'>pertruantur</span> <span class='ocrx_word' id='word_1_252' title='bbox 1064 3365 1110 3403; x_wconf 86' lang='lat' dir='ltr'>res</span> <span class='ocrx_word' id='word_1_253' title='bbox 1131 3342 1189 3405; x_wconf 84' lang='lat' dir='ltr'>bu-</span> 
     </span>
     <span class='ocr_line' id='line_1_31' title="bbox 161 3436 1190 3522; baseline 0.002 -17"><span class='ocrx_word' id='word_1_254' title='bbox 161 3464 266 3505; x_wconf 84' lang='lat' dir='ltr'>manas</span> <span class='ocrx_word' id='word_1_255' title='bbox 290 3439 418 3517; x_wconf 72' lang='lat' dir='ltr'>habere,</span> <span class='ocrx_word' id='word_1_256' title='bbox 440 3436 520 3502; x_wconf 76' lang='lat' dir='ltr'>nihil</span> <span class='ocrx_word' id='word_1_257' title='bbox 540 3437 697 3515; x_wconf 81' lang='lat' dir='ltr'>admirari,</span> <span class='ocrx_word' id='word_1_258' title='bbox 722 3461 785 3501; x_wconf 85' lang='lat' dir='ltr'>cum</span> <span class='ocrx_word' id='word_1_259' title='bbox 807 3438 963 3502; x_wconf 82' lang='lat' dir='ltr'>acciderit:</span> <span class='ocrx_word' id='word_1_260' title='bbox 993 3441 1080 3522; x_wconf 78' lang='lat' dir='ltr'>nihil,</span> <span class='ocrx_word' id='word_1_261' title='bbox 1105 3457 1190 3508; x_wconf 81' lang='lat' dir='ltr'>ante·</span> 
     </span>
     <span class='ocr_line' id='line_1_32' title="bbox 160 3538 1188 3630; baseline 0.002 -23"><span class='ocrx_word' id='word_1_262' title='bbox 160 3567 248 3630; x_wconf 83' lang='lat' dir='ltr'>quam</span> <span class='ocrx_word' id='word_1_263' title='bbox 270 3541 411 3620; x_wconf 80' lang='lat' dir='ltr'>evenerit,</span> <span class='ocrx_word' id='word_1_264' title='bbox 425 3563 484 3603; x_wconf 83' lang='lat' dir='ltr'>non</span> <span class='ocrx_word' id='word_1_265' title='bbox 497 3539 614 3602; x_wconf 80' lang='lat' dir='ltr'>evenire</span> <span class='ocrx_word' id='word_1_266' title='bbox 633 3539 708 3625; x_wconf 78' lang='lat' dir='ltr'>poffe</span> <span class='ocrx_word' id='word_1_267' title='bbox 720 3538 876 3603; x_wconf 71' lang='lat' dir='ltr'>arbitrare</span> <span class='ocrx_word' id='word_1_268' title='bbox 912 3540 966 3604; x_wconf 86' lang='lat' dir='ltr'>Ab</span> <span class='ocrx_word' id='word_1_269' title='bbox 979 3542 1093 3608; x_wconf 85' lang='lat' dir='ltr'>eodem</span> <span class='ocrx_word' id='word_1_270' title='bbox 1105 3566 1188 3629; x_wconf 85' lang='lat' dir='ltr'>prae-</span> 
     </span>
     <span class='ocr_line' id='line_1_33' title="bbox 164 3639 1194 3730; baseline 0.001 -21"><span class='ocrx_word' id='word_1_271' title='bbox 164 3660 258 3730; x_wconf 89' lang='lat' dir='ltr'>cepto</span> <span class='ocrx_word' id='word_1_272' title='bbox 273 3643 364 3707; x_wconf 87' lang='lat' dir='ltr'>fluxit</span> <span class='ocrx_word' id='word_1_273' title='bbox 378 3640 542 3705; x_wconf 81' lang='lat' dir='ltr'>exordium</span> <span class='ocrx_word' id='word_1_274' title='bbox 564 3639 643 3705; x_wconf 92' lang='lat' dir='ltr'>illud</span> <span class='ocrx_word' id='word_1_275' title='bbox 658 3639 803 3725; x_wconf 80' lang='lat' dir='ltr'>Epissolae</span> <span class='ocrx_word' id='word_1_276' title='bbox 823 3641 1048 3707; x_wconf 82' lang='lat' dir='ltr'>Horatianael.</span> <span class='ocrx_word' id='word_1_277' title='bbox 1064 3647 1106 3709; x_wconf 89' lang='grc'>6.</span> <span class='ocrx_word' id='word_1_278' title='bbox 1134 3646 1194 3711; x_wconf 77' lang='lat' dir='ltr'>Nil</span> 
     </span>
     <span class='ocr_line' id='line_1_34' title="bbox 162 3740 1189 3834; baseline 0.004 -26"><span class='ocrx_word' id='word_1_279' title='bbox 162 3745 320 3824; x_wconf 82' lang='lat' dir='ltr'>admirari,</span> <span class='ocrx_word' id='word_1_280' title='bbox 341 3760 429 3832; x_wconf 80' lang='lat' dir='ltr'>prope</span> <span class='ocrx_word' id='word_1_281' title='bbox 443 3766 489 3805; x_wconf 84' lang='lat' dir='ltr'>res</span> <span class='ocrx_word' id='word_1_282' title='bbox 501 3740 539 3828; x_wconf 83' lang='lat' dir='ltr'>est</span> <span class='ocrx_word' id='word_1_283' title='bbox 551 3766 625 3820; x_wconf 85' lang='lat' dir='ltr'>unu,</span> <span class='ocrx_word' id='word_1_284' title='bbox 643 3741 774 3817; x_wconf 82' lang='lat' dir='ltr'>Numici,</span> <span class='ocrx_word' id='word_1_285' title='bbox 791 3741 926 3830; x_wconf 84' lang='lat' dir='ltr'>Solaque,</span> <span class='ocrx_word' id='word_1_286' title='bbox 947 3768 1016 3831; x_wconf 82' lang='lat' dir='ltr'>quae</span> <span class='ocrx_word' id='word_1_287' title='bbox 1032 3747 1117 3834; x_wconf 73' lang='lat' dir='ltr'>poffit</span> <span class='ocrx_word' id='word_1_288' title='bbox 1092 3749 1189 3834; x_wconf 78' lang='lat' dir='ltr'>r-fa</span> 
     </span>
     <span class='ocr_line' id='line_1_35' title="bbox 164 3842 1190 3931; baseline 0.008 -24"><span class='ocrx_word' id='word_1_289' title='bbox 164 3869 226 3907; x_wconf 77' lang='lat' dir='ltr'>cere</span> <span class='ocrx_word' id='word_1_290' title='bbox 246 3858 274 3907; x_wconf 82' lang='lat' dir='ltr'>et</span> <span class='ocrx_word' id='word_1_291' title='bbox 285 3847 412 3931; x_wconf 73' lang='lat' dir='ltr'>servare·</span> <span class='ocrx_word' id='word_1_292' title='bbox 434 3844 571 3908; x_wconf 80' lang='lat' dir='ltr'>beatum.-</span> <span class='ocrx_word' id='word_1_293' title='bbox 600 3865 696 3931; x_wconf 90' lang='lat' dir='ltr'>quem</span> <span class='ocrx_word' id='word_1_294' title='bbox 719 3842 886 3910; x_wconf 84' lang='lat' dir='ltr'>adloeum</span> <span class='ocrx_word' id='word_1_295' title='bbox 907 3844 1061 3912; x_wconf 86' lang='lat' dir='ltr'>videndus</span> <span class='ocrx_word' id='word_1_296' title='bbox 1081 3853 1124 3914; x_wconf 89' lang='lat' dir='ltr'>est</span> <span class='ocrx_word' id='word_1_297' title='bbox 1145 3853 1190 3916; x_wconf 94' lang='lat' dir='ltr'>D.</span> 
     </span>
     <span class='ocr_line' id='line_1_36' title="bbox 164 3944 1192 4032; baseline 0.007 -22"><span class='ocrx_word' id='word_1_298' title='bbox 164 3947 360 4026; x_wconf 81' lang='lat' dir='ltr'>Lambinus3</span> <span class='ocrx_word' id='word_1_299' title='bbox 390 3945 443 4009; x_wconf 92' lang='lat' dir='ltr'>cui</span> <span class='ocrx_word' id='word_1_300' title='bbox 463 3945 681 4032; x_wconf 80' lang='lat' dir='ltr'>adjungantur</span> <span class='ocrx_word' id='word_1_301' title='bbox 709 3946 742 4008; x_wconf 84' lang='grc' dir='ltr'>Ρ.</span> <span class='ocrx_word' id='word_1_302' title='bbox 763 3944 924 4010; x_wconf 74' lang='lat' dir='ltr'>Viderius</span> <span class='ocrx_word' id='word_1_303' title='bbox 950 3947 990 4010; x_wconf 83' lang='lat' dir='ltr'>ad</span> <span class='ocrx_word' id='word_1_304' title='bbox 1015 3949 1192 4018; x_wconf 84' lang='lat' dir='ltr'>Aristotelis</span> 
     </span>
     <span class='ocr_line' id='line_1_37' title="bbox 164 4045 1192 4136; baseline 0.007 -26"><span class='ocrx_word' id='word_1_305' title='bbox 164 4047 358 4110; x_wconf 85' lang='lat' dir='ltr'>Nicomach.</span> <span class='ocrx_word' id='word_1_306' title='bbox 377 4048 433 4111; x_wconf 87' lang='lat' dir='ltr'>lV.</span> <span class='ocrx_word' id='word_1_307' title='bbox 444 4066 476 4131; x_wconf 87' lang='lat'>3.</span> <span class='ocrx_word' id='word_1_308' title='bbox 493 4069 525 4131; x_wconf 92' lang='lat' dir='ltr'>p.</span> <span class='ocrx_word' id='word_1_309' title='bbox 538 4066 611 4127; x_wconf 81' lang='lat'><strong>224.</strong></span> <span class='ocrx_word' id='word_1_310' title='bbox 639 4045 679 4108; x_wconf 92' lang='lat' dir='ltr'>C.</span> <span class='ocrx_word' id='word_1_311' title='bbox 695 4046 912 4111; x_wconf 81' lang='lat' dir='ltr'>Ritterlhusrus</span> <span class='ocrx_word' id='word_1_312' title='bbox 925 4048 966 4111; x_wconf 84' lang='lat' dir='ltr'>ad</span> <span class='ocrx_word' id='word_1_313' title='bbox 982 4049 1192 4136; x_wconf 86' lang='lat' dir='ltr'>Porphyrium</span> 
     </span>
     <span class='ocr_line' id='line_1_38' title="bbox 165 4146 1192 4233; baseline 0.003 -19"><span class='ocrx_word' id='word_1_314' title='bbox 165 4149 217 4214; x_wconf 90' lang='lat' dir='ltr'>De</span> <span class='ocrx_word' id='word_1_315' title='bbox 231 4148 308 4211; x_wconf 84' lang='lat' dir='ltr'>Vita</span> <span class='ocrx_word' id='word_1_316' title='bbox 323 4147 511 4233; x_wconf 85' lang='lat' dir='ltr'>Pythagorae</span> <span class='ocrx_word' id='word_1_317' title='bbox 534 4168 566 4231; x_wconf 92' lang='lat' dir='ltr'>p.</span> <span class='ocrx_word' id='word_1_318' title='bbox 583 4164 635 4230; x_wconf 86' lang='lat'>72.</span> <span class='ocrx_word' id='word_1_319' title='bbox 673 4146 712 4209; x_wconf 92' lang='lat' dir='ltr'>Is.</span> <span class='ocrx_word' id='word_1_320' title='bbox 729 4146 933 4211; x_wconf 83' lang='lat' dir='ltr'>Casaubonus</span> <span class='ocrx_word' id='word_1_321' title='bbox 947 4146 988 4212; x_wconf 83' lang='lat' dir='ltr'>ad</span> <span class='ocrx_word' id='word_1_322' title='bbox 1002 4149 1192 4218; x_wconf 84' lang='lat' dir='ltr'>Strabonem</span> 
     </span>
     <span class='ocr_line' id='line_1_39' title="bbox 165 4247 1192 4337; baseline 0.005 -25"><span class='ocrx_word' id='word_1_323' title='bbox 165 4269 200 4335; x_wconf 86' lang='lat' dir='ltr'>p.</span> <span class='ocrx_word' id='word_1_324' title='bbox 215 4261 298 4330; x_wconf 59' lang='lat'>105„</span> <span class='ocrx_word' id='word_1_325' title='bbox 315 4247 378 4316; x_wconf 87' lang='lat' dir='ltr'>Th.</span> <span class='ocrx_word' id='word_1_326' title='bbox 394 4247 574 4313; x_wconf 81' lang='lat' dir='ltr'>Gatakerus</span> <span class='ocrx_word' id='word_1_327' title='bbox 588 4247 627 4323; x_wconf 67' lang='lat' dir='ltr'>ed</span> <span class='ocrx_word' id='word_1_328' title='bbox 641 4247 692 4313; x_wconf 88' lang='lat' dir='ltr'>M.</span> <span class='ocrx_word' id='word_1_329' title='bbox 702 4247 858 4326; x_wconf 79' lang='lat' dir='ltr'>Antonin.</span> <span class='ocrx_word' id='word_1_330' title='bbox 875 4249 902 4312; x_wconf 95' lang='lat' dir='ltr'>I.</span> <span class='ocrx_word' id='word_1_331' title='bbox 921 4263 970 4332; x_wconf 82' lang='lat'>15.</span> <span class='ocrx_word' id='word_1_332' title='bbox 984 4251 1029 4325; x_wconf 74' lang='lat' dir='ltr'>¹J.</span> <span class='ocrx_word' id='word_1_333' title='bbox 1040 4251 1192 4337; x_wconf 17' lang='lat' dir='ltr'>,Uptonus</span> 
     </span>
    </p>
   </div>
   <div class='ocr_carea' id='block_1_4' title="bbox 0 0 1366 4762">
    <p class='ocr_par' dir='ltr' id='par_1_6' title="bbox 0 0 1366 4762">
     <span class='ocr_line' id='line_1_40' title="bbox 0 0 1366 4762; baseline 0 0"><span class='ocrx_word' id='word_1_334' title='bbox 0 0 1366 4762; x_wconf 95' lang='lat' dir='ltr'> </span> 
     </span>
    </p>
   </div>
  </div>
 </body>
</html>
