2684 4762
177 376 181 385 ·
305 341 645 412 memmium
666 342 816 411 OPERA·
829 336 1056 412 Momm.
1121 339 1190 407 'nn

152 528 276 622 fiirein
291 527 431 602 videri!
471 530 548 605 Cuiv
561 531 669 605 alter:
709 529 862 621 Quidni
887 532 1009 628 gestem
1035 531 1072 599 in
1093 537 1192 596 tantu

162 653 313 723 omnium
330 678 416 748 erga
430 656 536 747 fures
553 652 693 729 imitate
710 679 753 726 oc
773 654 980 750 patientia?
1008 667 1045 723 nt
1064 665 1113 736 tu,
1128 671 1190 722 ,cu-

151 777 217 867 jus
231 774 308 846 'non
334 774 445 847 minui
466 802 569 874 qnam
595 802 705 849 meum
725 789 828 872 patet
842 778 996 868 furtum,
1014 777 1192 870 pretereo

164 898 431 992 quoque'ounus
456 897 662 971 etmenden
688 897 873 994 habeberis.
936 896 1046 998 Quod
1069 900 1189 979 autem

161 1015 207 1086 ad
223 1019 352 1090 menda
368 1019 613 1117 typographica
638 1022 762 1093 nostrae
785 1019 948 1092 editionis
966 1017 1104 1104 attinet,
1120 1014 1190 1087 hoc

162 1149 278 1211 totum
308 1165 380 1213 non
408 1152 480 1213 tam
505 1167 548 1216 ex
574 1166 612 1214 re
636 1154 673 1215 et
699 1143 852 1230 veritate,
876 1165 983 1240 quarn
1008 1139 1131 1213 astutia
1152 1141 1191 1208 et

159 1261 348 1358 cupiditate
371 1263 525 1337 hominis
548 1263 728 1362 Lipsiensis
747 1264 870 1352 fertur,
894 1266 967 1362 qui,
990 1262 1057 1335 hac
1073 1282 1188 1359 repre.-

156 1382 323 1457 henfione
345 1386 382 1457 in
398 1386 502 1459 titulo
517 1386 638 1484 pofits,
656 1387 723 1461 suis
739 1386 906 1484 exemplis
921 1397 1073 1458 emtores
1088 1405 1187 1482 quae-

153 1503 244 1578 srvit.
307 1508 450 1583 Horum
475 1535 589 1583 unum
613 1509 691 1584 casu
715 1511 873 1604 ingmeas
898 1495 1024 1581 manus
1041 1505 1185 1578 incidit:

155 1627 225 1701 vidi
242 1632 451 1734 paucabvitia
466 1631 639 1706 corrodia:
665 1632 736 1707 vidi
758 1633 864 1706 etiarn
882 1655 997 1705 nova:
1022 1641 1060 1703 et
1076 1628 1186 1726 plura,

155 1751 292 1847 opinor,
308 1777 399 1827 noua
419 1748 586 1845 vidissem,
611 1755 637 1828 ti
659 1755 820 1829 nauseam
843 1753 933 1830 serre
947 1752 1129 1852 potuissem
1147 1750 1187 1823 iu

155 1871 306 1970 legendo
339 1887 411 1950 tarn
441 1876 575 1975 spurco·
591 1879 846 1976 immundoque
880 1875 1054 1973 exemplo.
1070 1873 1186 1970 operis

153 1984 353 2090 quod'inde
375 2023 396 2069 a
418 1999 525 2098 longo
545 2013 704 2097 tempore
727 2002 766 2073 in
789 1999 1006 2072 nitidioribus
1021 2007 1059 2069 et
1074 2018 1186 2091 nuper

156 2102 196 2187 in
223 2114 431 2190 nitidissimis
457 2120 521 2192 iilis
545 2120 801 2193 Oxonienssbus
817 2118 980 2216 exemplis
1004 2118 1120 2214 legere
1135 2115 1186 2187 ns-

153 2236 346 2312 sueveram,
397 2240 569 2337 Lepidum
587 2242 636 2316 est
651 2241 747 2339 quod
768 2241 856 2313 mihi
876 2252 959 2313 ante
974 2263 1104 2337 paucos
1119 2238 1187 2311 hos

149 2358 227 2432 dies
252 2359 380 2457 scripsit
403 2374 504 2436 vetu's
528 2365 565 2436 in
590 2362 706 2435 Gallia
729 2364 875 2451 amicus,
900 2363 1011 2437 homo
1036 2359 1183 2434 dodtus:

152 2481 343 2554 Plutarchi
360 2490 421 2573 tui,
439 2487 563 2583 inquit,
581 2489 678 2558 nollo
688 2489 774 2582 sont
792 2484 888 2583 apud
902 2511 961 2557 nos
980 2484 1184 2582 Oxonienstn

154 2607 312 2704 exempla
323 2620 468 2706 propter
485 2612 701 2704 interclzfirin
720 2624 970 2681 commeatum:
1000 2606 1183 2705 Lipstenſso

153 2727 226 2799 vidi
238 2730 251 2801 2·
288 2728 361 2801 lraec
387 2757 467 2803 vero
496 2732 580 2803 odeo
598 2734 686 2826 sunt
707 2729 874 2828 squalida
902 2747 936 2802 et
963 2729 1115 2825 lrorridu,
1142 2743 1183 2801 nt

153 2840 251 2922 ndrno
268 2850 377 2941 domo,
395 2853 642 2952 nfflstomoclro
660 2857 828 2952 oculisqire
843 2848 1182 2955 preditus-Germa·

149 2976 253 3061 niele,
283 3001 326 3046 ea
349 2980 528 3073 perlegere
546 2980 724 3074 festinent.
775 2975 950 3074 Equidem
981 2974 1181 3072 hujusmodi

148 3095 350 3168 stomachos
374 3098 560 3197 oculosque
583 3100 700 3189 laudo,
717 3123 806 3198 quos
827 3098 950 3172 inculti
976 3107 1014 3170 et
1034 3098 1182 3195 agrestes

154 3217 298 3291 istarum
308 3219 530 3295 officina'rum
547 3222 656 3296 soetus
671 3222 865 3321 elegendis
879 3220 982 3293 bonis
999 3218 1092 3290 libris
1107 3239 1182 3290 non

149 3336 348 3413 deterrent:
372 3343 575 3442 bibliopolas
598 3344 825 3448 reprehendo,
841 3342 914 3438 qui,
940 3339 1026 3412 lucri
1047 3340 1181 3437 cupidi·

153 3440 231 3534 tate
242 3461 351 3554 dudi,
368 3489 442 3540 non
457 3467 636 3564 aliquanto
653 3463 854 3564 diligentius
869 3462 1096 3537 studiosorum
1114 3463 1179 3538 ho·

147 3584 291 3682 minum
309 3586 460 3661 senfibus
476 3588 673 3663 consulunt.
719 3573 898 3661 Caetemrri
915 3586 1088 3684 affinnnre
1102 3587 1179 3685 pos-

147 3704 240 3796 sum,
257 3716 319 3781 me'
333 3709 449 3784 ndhuc
465 3714 502 3785 in
519 3710 708 3786 Oxonienfi
725 3711 856 3785 Graeco
873 3722 1041 3785 contextu
1057 3720 1095 3782 et
1108 3709 1178 3783 La'-

145 3829 224 3901 tino
238 3830 405 3925 versione,
423 3845 486 3908 aut
502 3835 599 3909 nulla
618 3847 681 3908 aut
703 3831 905 3933 paucissima
920 3833 1078 3932 repepisse
1094 3846 1177 3925 ope*-

147 3936 269 4024 rnrum
293 3955 382 4028 'vitia
395 3961 406 4030 ε’
431 3983 544 4031 unum
569 3958 790 4055 alterumque
815 3958 852 4029 in
881 3952 1179 4044 Annotationibus
1213 4024 1217 4031 .

85 4110 88 4114 -
149 4082 188 4145 et
203 4056 442 4153 'maensonez
468 4081 526 4154 vix
550 4105 664 4155 unum
689 4091 726 4153 et
749 4080 897 4153 alterum
916 4076 1019 4175 ‚quod
1043 4072 1176 4149 sensum

145 4195 282 4292 tubes,
307 4223 373 4277 uec
396 4201 495 4278 socie
517 4207 561 4297 ab
583 4203 729 4289 homine
745 4201 965 4279 mediocriter
979 4197 1085 4274 dodo
1099 4220 1176 4271 cor,

648 4349 670 4400 c
689 4337 711 4400 3
