2684 4762
150 338 192 415 ω
229 342 437 404 Aurunnv.
452 341 499 402 nr
513 343 587 402 na.
601 341 655 401 on
670 341 843 402 anneus.
860 318 1096 401 nonnosum.

150 507 247 573 etiam
265 506 297 571 in
318 529 356 572 ea
377 504 510 572 Critices
527 517 628 592 parte,
643 527 715 592 quae
730 502 806 590 quid
824 502 974 591 cujusque
987 501 1024 566 sit
1039 498 1182 589 judeae,

147 591 190 675 ι’.
207 610 354 675 tuncrus
367 608 591 675 assamonei.
607 610 648 672 v.
665 610 700 672 Ρ.
723 608 755 689 q.
772 624 845 673 211.
869 603 1014 669 nominat
1028 602 1181 668 aureorum

149 709 294 799 libellum.
337 711 403 799 Qui
424 733 519 798 quam
541 711 577 773 fit
598 709 738 797 elegans,
757 729 852 796 quam
874 705 1033 785 aureolus,
1056 704 1183 769 videbi·-

149 828 234 886 mos.
277 813 347 878 Has
368 810 514 898 equidem
538 810 567 875 ei
589 808 698 874 laudes
721 832 780 875 nec
804 809 922 886 tribuo,
945 828 1005 871 nec
1027 803 1155 870 invideo
1167 831 1178 885 3

149 911 249 978 niodo
262 935 315 993 ne,
330 912 514 999 pervulgato
529 933 645 990 errore,
660 910 818 976 tribuatur
832 908 1014 974 Plutarcho.

194 1014 295 1103 Cujus
316 1035 379 1102 ego
400 1013 512 1078 erroris
534 1012 651 1077 caussas
672 1035 828 1099 quaerens,
850 1032 947 1076 unam
969 1031 1105 1096 eamque
1124 1006 1197 1074 vel·

149 1114 309 1195 riffimam,
332 1137 404 1180 mea
424 1115 488 1201 ipse
510 1113 702 1200 experientia
718 1114 843 1194 dodun,
862 1114 944 1178 hanc
966 1112 1079 1200 reperi.
1124 1112 1200 1177 lii-'-

150 1216 253 1283 bellus
274 1217 307 1281 in
328 1216 478 1280 omnibus
492 1215 643 1302 exemplis
664 1215 758 1281 editis
780 1217 919 1303 primum
941 1216 1040 1280 habet
1058 1214 1179 1295 locuni,

149 1319 272 1406 primus
293 1319 335 1382 est
356 1316 467 1382 ordine
488 1332 521 1382 et
543 1339 687 1383 numero.
732 1319 835 1405 Igitur
848 1317 986 1405 quisquis
1000 1315 1040 1380 ad
1054 1314 1179 1382 libellos

150 1417 312 1484 Plutarchi
326 1417 467 1482 Morales
480 1417 614 1499 accedit,
632 1418 665 1482 in
687 1417 774 1483 hunc
795 1417 933 1505 primum
952 1416 1077 1497 incidit,
1092 1416 1181 1481 hunc

150 1518 233 1607 legit
257 1540 358 1584 novus
381 1533 414 1583 et
437 1519 550 1605 hospes
574 1518 607 1583 in
628 1518 732 1583 forma
754 1506 787 1584 et
809 1518 952 1583 oratione
971 1517 1180 1583 Plutarchea:

151 1619 309 1707 hujusque
322 1621 456 1696 sensum,
471 1620 491 1683 fi
507 1619 600 1698 sorte,
615 1620 720 1706 postea
734 1621 864 1684 demum
879 1617 1006 1706 legendi
1019 1618 1182 1706 progressu

152 1720 297 1808 colligit:
320 1720 501 1807 paucissimi,
516 1718 564 1784 vel
578 1719 681 1784 dicam
697 1742 804 1800 nemo,
827 1719 918 1784 finito
927 1719 1100 1784 ·voluminc
1113 1717 1182 1804 ejus

152 1822 322 1888 lestionem
337 1822 491 1886 continuo
511 1821 639 1900 iterant,
655 1821 723 1907 jam
743 1820 883 1886 instrusti
901 1820 941 1884 ad
958 1819 1182 1907 judicandum,

152 1935 267 2015 utpote
282 1936 424 1989 recentes
445 1946 465 1986 a
485 1923 621 1987 lettionc
639 1923 789 1987 Audoris
806 1921 934 2009 ejusque
952 1920 1042 1987 sensu
1054 1920 1182 1986 imbuti

152 2025 251 2113 Quod
266 2025 285 2089 fi
301 2024 406 2112 plures
421 2024 573 2104 iecissent,
588 2023 695 2111 plures
707 2024 793 2089 hunc
808 2023 952 2089 libellum
966 2023 1030 2088 falfi
1043 2021 1183 2089 nominis

148 2124 331 2221 suspettum
352 2125 540 2191 habuissent.
583 2127 693 2207 Nunc,
716 2140 753 2190 ut
777 2126 823 2207 tit,
847 2122 979 2191 evanido
998 2137 1032 2189 et
1049 2122 1181 2211 refrige-

52 2224 54 2229 ’
153 2237 225 2291 rato
246 2248 303 2313 per
324 2227 475 2311 temporis
497 2225 631 2311 spatium
652 2239 686 2289 et
707 2227 840 2290 aliorum
860 2225 1056 2312 Scriptorum
1068 2224 1183 2291 lento-
1209 2256 1216 2265 ·

154 2315 231 2392 nem
255 2316 443 2392 Plutarcbeo
465 2324 565 2404 sensu,
590 2324 724 2390 redeunt
748 2325 791 2390 ad
814 2325 1018 2391 Plutarchum
1043 2325 1123 2391 item
1145 2332 1184 2392 ut
1211 2346 1215 2354 ’

153 2424 261 2514 primo
279 2426 352 2490 novi
369 2437 403 2488 et
424 2424 575 2512 hospites,
597 2438 630 2489 et
652 2425 697 2490 nil
710 2424 883 2513 quidquam
897 2425 992 2511 spurii
1010 2440 1067 2491 aut
1086 2427 1182 2514 snspi·
1214 2462 1218 2467 ·

156 2536 270 2591 cantur
283 2538 339 2588 aut
352 2522 501 2589 sentiunt.
535 2526 586 2590 Ita
599 2547 664 2590 non
678 2525 780 2591 solum
793 2525 918 2591 libellus
933 2527 983 2590 De
996 2526 1185 2591 Educatione

156 2625 243 2714 apud
265 2624 429 2713 plerosque
447 2623 559 2690 dotios
578 2624 724 2690 homines
745 2625 777 2689 in
798 2625 874 2691 salsa
892 2625 1088 2691 auctoritatis
1111 2628 1184 2714 pos·

156 2725 284 2793 seffione
305 2726 436 2789 mansit:
459 2725 512 2790 sed
531 2727 713 2791 manserunt
734 2726 831 2793 etiam
851 2725 905 2791 nlii
924 2726 1007 2806 libri,
1026 2740 1061 2793 et
1079 2728 1183 2792 mani·

154 2829 288 2895 festioria
302 2827 419 2894 frondis
434 2829 490 2908 illi,
511 2843 544 2893 et
564 2828 650 2916 apud
669 2829 775 2895 minus
789 2830 913 2911 dodon,
929 2830 1026 2896 veluti
1040 2832 1090 2895 De
1105 2831 1183 2896 Phi·

155 2930 337 3019 ·lostiphorum
353 2928 489 3011 Placitis,
506 2931 555 2995 De
573 2930 648 2999 Vatis
660 2929 700 2995 X
712 2931 883 3012 Oratorem,
902 2944 937 2997 et
952 2931 1184 2997 manifestiffimi

158 3031 224 3099 duo
245 3031 486 3119 ineptissimique
507 3031 628 3119 gemini
648 3054 688 3097 ex
709 3032 819 3097 eadem
838 3032 1094 3099 houdia'officina
1107 3056 1183 3121 pro·

157 3134 229 3214 diti,
251 3131 407 3198 Parallala
426 3134 536 3197 Graecn
555 3145 583 3196 et
602 3134 747 3211 Romana,
768 3145 802 3197 et
817 3134 866 3198 De
881 3133 1077 3199 Fluminibus.
1121 3136 1183 3200 Di·

154 3257 229 3302 'cam
244 3233 321 3321 quid
336 3232 415 3297 mihi
428 3232 589 3298 acciderit.
634 3232 756 3298 Primus
774 3255 813 3297 ex
826 3234 974 3298 omnibus
990 3235 1184 3302 Plutarchei'c

153 3335 245 3402 ¹libris
259 3333 339 3399 mihi
352 3355 451 3421 puero
465 3333 497 3398 in
512 3355 625 3400 manus
643 3332 754 3399 incidit
770 3333 823 3399 hic
844 3333 908 3422 ipse
921 3335 973 3399 De
985 3336 1182 3419 Educatione,

158 3451 256 3522 atque
268 3435 350 3499 adeo
363 3435 544 3521 exemplum
561 3434 711 3500 editionis
731 3435 931 3523 Heufingeri.
974 3436 1039 3502 Hic
1053 3437 1086 3501 in
1100 3459 1182 3524 pne·

155 3537 280 3602 satione
300 3536 467 3600 Muretum
487 3537 653 3622 gratissimi
674 3537 786 3605 erroris
807 3535 987 3624 reum-agit
1006 3551 1052 3619 et,
1071 3552 1109 3603 ut
1129 3539 1184 3604 fibi

154 3637 294 3714 videtur,
309 3636 466 3715 confutat,
478 3636 564 3722 quod
577 3637 668 3702 istum
682 3637 824 3704 libellum
836 3638 976 3727 spurium
983 3637 1182 3726 judicaverit.

160 3739 357 3808 Assentiebar
376 3739 594 3825 neufingero:
616 3753 650 3805 et
671 3739 727 3804 diu
746 3741 851 3827 postea
871 3740 904 3805 in
921 3741 985 3807 hoc
1004 3743 1122 3829 perstiti
1135 3743 1183 3808 as·

155 3841 261 3922 sensu,
275 3840 416 3929 quamvis
438 3841 471 3905 in
490 3839 589 3905 literis
610 3853 643 3905 et
666 3840 825 3908 Plutarchi
839 3840 976 3907 lettione
992 3844 1182 3930 progressus.

154 3945 225 4012 sed
245 3965 320 4010 ecce
333 3943 350 4035 l
363 3963 419 4029 per
440 3943 613 4029 susceptam
634 3941 763 4008 editoris
783 3942 977 4031 provinciam
996 3944 1120 4009 sadum
1140 3947 1184 4010 est

157 4032 427 4112 nt'Plutarcbum
451 4045 564 4133 sepius
590 4044 787 4132 relegerem
824 4058 861 4110 ut
886 4066 962 4110 eum
984 4067 1080 4132 porro
1107 4069 1183 4112 cnm

156 4145 281 4231 scriptia
298 4143 461 4210 codicibus
477 4147 621 4211 consenc
639 4145 822 4232 inciperem,
843 4168 881 4211 ac
903 4145 1075 4212 secundum
1092 4147 1182 4213 codi-

160 4267 235 4314 cum
250 4245 359 4318 seriem
372 4244 470 4319 alium
483 4246 631 4336 deinceps
648 4261 684 4318 ct
699 4247 796 4323 alium
814 4247 932 4319 librum
953 4249 1096 4319 conserte
1109 4270 1182 4338 per-
