2684 4762
149 297 194 362 ao'
322 275 973 355 ·n.‘w.1>nnmr10auruanv.
1019 343 1020 347 ,

148 461 278 574 tuque
300 467 458 547 bifariam
472 473 530 550 ,fit
553 472 633 545 haec
657 469 1023 569 librorum-repetitio.
1075 467 1178 543 Nam

149 595 341 694 Bibliopola
365 596 419 668 vel
437 594 648 694 'fimpliciter
667 594 792 674 librum
819 593 967 685 recudit,
995 614 1043 664 ne
1068 592 1181 663 verbo

149 719 292 819 quidem
317 730 480 792 mutato:
510 719 644 817 quoin
669 742 798 817 genere
821 707 870 790 est
895 712 1090 812 Lipfienfis,
1115 715 1180 810 qui

149 842 243 916 hanc
267 843 415 915 nostram
442 841 631 915 editionem
655 841 798 913 reddere
820 839 968 912 instituit
989 836 1102 910 forma
1116 858 1178 906 oo·

149 973 240 1054 ta'va,
264 963 603 1064 inficetum'prorsus
629 975 666 1035 et
691 963 864 1036 sordidum
888 960 1070 1058 negotium
1093 939 1191 1050 cum

151 1088 284 1177 charta,
311 1100 388 1159 tum
417 1087 593 1158 literarum
621 1083 801 1157 formulis:
828 1096 866 1157 et
887 1083 1056 1181 gloriatur
1072 1082 1180 1154 etiam

150 1209 186 1282 se
208 1197 359 1306 plurima
377 1209 502 1280 nostrae
518 1206 678 1279 editionis
695 1206 943 1304 typographica
959 1203 1087 1292 menda
1103 1227 1181 1275 cor-

152 1332 297 1404 rexisse:
323 1330 418 1427 quod
440 1329 551 1429 quale
564 1329 607 1401 fit
628 1331 742 1428 postea
765 1329 973 1402 videbimus.
1022 1325 1088 1410 Vel
1115 1326 1188 1399 ho-.

152 1454 288 1527 minem
315 1453 493 1541 conducit,
518 1453 579 1549 qui
600 1451 694 1549 quasi
718 1475 844 1524 novam
867 1449 1101 1523 recensionem
1129 1447 1185 1520 sa-

152 1576 247 1647 eiat-
266 1575 331 1646 hic
347 1574 408 1648 suo
424 1574 492 1672 ipse
504 1571 655 1677 judicio
670 1585 796 1662 mutat,
823 1573 928 1661 addit,
946 1572 1080 1644 omittit
1098 1596 1181 1668 quae

153 1696 253 1787 vuit,
266 1708 369 1778 notas
393 1694 769 1794 animadversionesque
785 1696 950 1768 editoris'
942 1707 991 1766 ita
1014 1693 1182 1766 transfor-

153 1828 229 1891 mat
245 1811 377 1916 suisque
392 1819 540 1908 infercit,
554 1832 595 1892 ut
611 1818 678 1916 ipse
693 1843 813 1891 earum
830 1818 952 1890 auctor
967 1828 1004 1890 et
1020 1818 1183 1889 inventor

153 1940 332 2014 videatur.
362 1966 434 2038 quo
457 1943 494 2014 in
519 1966 648 2041 genere
663 1942 712 2014 est
728 1939 961 2039 Tubingenfis
978 1936 1184 2036 Bibliopola.

154 2059 241 2141 Nec
264 2077 385 2137 tamen
409 2065 489 2138 satis
512 2064 684 2138 ambobus
708 2063 850 2137 interse
865 2060 1054 2135 convenit:
1081 2061 1184 2158 plane

154 2197 198 2259 'ut
221 2181 371 2294 nqi'figrr
391 2182 610 2258 in'eamde'm
634 2187 788 2281 praedam
808 2185 1012 2272 incidentes,
1035 2207 1078 2255 ea
1093 2183 1183 2259 solus

155 2297 303 2402 uterque
319 2306 420 2402 potiri
437 2306 547 2403 cupit.
599 2306 779 2416 Festivum
799 2307 850 2379 est
872 2307 1068 2404 negotium.
1106 2305 1182 2401 ,Ille

155 2427 254 2500 hune
276 2425 360 2498 furti
382 2451 481 2500 reum
506 2428 593 2527 agit,
609 2430 671 2526 qui
690 2453 785 2501 meas
801 2428 1058 2524 Annotationes
1074 2428 1182 2515 muti·
1213 2501 1216 2507 .

155 2541 277 2622 laverit
291 2573 331 2621 ac
348 2548 559 2646 surripuerit.
608 2549 671 2623 lile
692 2551 778 2650 quid
794 2551 1014 2649 responderit,
1034 2532 1183 2625 fimodo

155 2671 340 2769 respondit,
374 2667 499 2762 nescio,
512 2670 705 2747 ‘nec'scire
732 2699 842 2758 curo,
832 2703 846 2740 ·,
874 2698 957 2747 nam
991 2673 1072 2746 casu
1104 2673 1182 2747 haec

156 2794 244 2866 mihi
265 2795 540 2885 controversiola,
558 2798 633 2892 ejus
652 2794 787 2894 prorsus
809 2795 993 2886 incurioso,
1016 2795 1061 2868 ad
1084 2819 1184 2905 aures

157 2918 389 3044 notitiamque
405 2917 542 2990 accidit.
592 2919 629 2991 Si
651 2942 774 2993 verum
790 2919 972 2993 volumus:
1000 2919 1072 3008 hic,
1089 2920 1184 2992 utin
1209 2924 1211 2928 ’

156 3038 277 3111 furto
262 3037 339 3136 jam
355 3063 452 3114 more
468 3042 640 3137 majorum
657 3036 830 3115 omnibus
835 3041 943 3115 libero
958 3055 995 3116 et
1011 3024 1183 3129 concesso,

155 3162 355 3261 simpliciter
370 3175 406 3235 et
423 3174 540 3269 aperte
555 3165 640 3261 agit,
663 3188 705 3235 ac
720 3164 867 3262 pn'scum
886 3165 980 3262 qunfi
995 3149 1184 3237 candorem

155 3308 230 3381 praa
235 3282 288 3357 se
310 3284 377 3359 sert
390 3302 410 3358 τ’
427 3285 483 3359 ille
503 3285 597 3384 apud
616 3296 746 3382 'aequos
767 3286 875 3360 etiam
895 3289 1031 3383 judices
1052 3311 1184 3359 nomen
1223 3365 1227 3374 ,

156 3405 336 3503 genusque
358 3407 449 3481 illius
469 3392 520 3481 'in'
535 3407 979 3509 fabulagraculi'effugere
995 3411 1052 3483 vix
1067 3409 1183 3507 poffit.
1227 3486 1229 3490 f
1257 3461 1259 3464 <

157 3525 256 3599 Mihi
277 3527 361 3600 haec·
379 3525 534 3602 audienti
560 3532 598 3602 in
614 3531 769 3605 mentem
785 3533 945 3605 veniebat
962 3532 1102 3606 alterius
1119 3556 1184 3604 cu·

152 3648 291 3744 jusdam
308 3649 437 3723 sabulae
454 3651 499 3723 de
514 3650 653 3725 duobus
668 3655 795 3750 pueriS,
809 3655 959 3751 quorum
977 3667 1126 3752 uterque
1141 3678 1184 3727 ex

157 3770 280 3844 eadem
308 3772 415 3852 domo
444 3756 586 3872 pallium
616 3773 843 3873 surripuerat:
877 3776 964 3850 alter
996 3777 1109 3865 suum,
1143 3792 1185 3851 ut

157 3907 245 3983 erat,
268 3894 413 3994 pallium
435 3897 612 3996 gestabat.
644 3896 731 3991 alter
751 3923 772 3971 e
795 3898 857 3972 suo
875 3901 1036 3997 tunicam
1053 3923 1094 3973 ac
1109 3925 1184 3997 ρω-δ

158 4017 281 4091 nularn
302 4018 469 4108 faciebat,
488 4031 596 4117 atque
611 4019 758 4127 alterum
775 4009 1003 4119 cqnspicatus,
1034 4003 1125 4114 Ωιιὶιι
1151 4039 1184 4099 tr
1235 4003 1238 4006 ¹

154 4140 299 4290 pudeqt,
320 4131 453 4241 inquit,
482 4145 534 4253 ita
559 4119 677 4242 operte
695 4146 846 4246 pellium
873 4162 968 4219 tuum
989 4149 1120 4243 ἔφανε
1142 4173 1215 4245 ιιοΦ
