2684 4762
147 325 170 390 6
348 312 393 388 l).
408 320 469 388 W.
484 316 717 386 PRAEFATIO
738 316 971 386 ANIMADV.

147 505 261 579 verbis
278 504 364 578 illud
383 506 558 578 adhibebit
580 507 751 603 Interpiea
773 504 931 576 officium
948 500 1045 599 quod
1063 505 1181 576 oemi-

149 635 208 702 tur
225 630 262 700 in
280 629 364 701 loeis
383 628 520 701 aliunde
536 628 670 716 sumtis,
687 628 745 701 seu
763 626 888 700 diserte
901 635 1103 698 'memorato
1119 625 1179 697 seu

149 752 273 825 omisso
289 748 453 824 Audieris
469 753 624 840 nomine,
642 751 709 824 five
726 749 896 822 imitando
913 745 1090 845 expressis,
1108 747 1179 820 sive

148 874 336 947 alludendo
362 874 579 974 significatis:
604 871 799 970 cujusmodi
823 871 891 944 loci
919 871 957 942 iii
982 867 1084 941 nullo
1104 869 1179 941 sere

149 992 308 1070 duetore
338 996 588 1094 ftequentioroe
632 995 722 1084 sunt,
756 1017 864 1093 quani
897 993 934 1066 in
974 991 1176 1064 Plutarcho.

149 1122 322 1207 Omnino,
339 1119 475 1216 propria
489 1118 533 1190 ab
549 1118 669 1190 alienis
686 1120 735 1191 ita
753 1118 1020 1215 distinguantur,
1038 1124 1081 1186 ut
1097 1111 1179 1186 mil·
1213 1177 1219 1184 .

149 1240 207 1314 lua
230 1265 302 1313 non
325 1250 468 1314 notetur
483 1241 582 1314 locus
606 1241 643 1312 in
659 1265 765 1338 quem
783 1238 921 1311 aliunde
937 1236 1023 1334 quid
1044 1236 1179 1308 duxislb

150 1363 308 1437 videatur
327 1364 473 1437 Auuor.
526 1364 636 1465 Quod
652 1363 678 1436 fi
694 1347 792 1436 enim
807 1363 925 1434 minus
941 1359 985 1432 ad
1002 1357 1106 1455 ipsius
1124 1360 1180 1431 iii·

150 1486 379 1584 telligeiitiam
408 1486 574 1559 Andtoris
599 1485 738 1574 valeiet,
766 1494 883 1558 tamen
911 1481 1106 1581 pertinebat
1135 1480 1180 1552 ad

146 1608 322 1705 judicium
338 1611 383 1682 de
399 1609 557 1682 Auctore
578 1620 615 1681 et
637 1609 803 1683 Critibam
829 1606 1053 1704 provinciam,
1071 1605 1180 1701 perti-

151 1731 257 1804 nebat
281 1732 326 1804 ad
349 1733 577 1805 humanitatis
602 1733 800 1831 ingeniique
826 1729 993 1816 fruuum,
1018 1728 1116 1799 nosse
1137 1752 1180 1798 u-

152 1861 246 1927 trum
265 1880 286 1925 a
302 1854 336 1927 se
352 1854 431 1953 ipse,
449 1878 495 1927 aii
510 1855 555 1926 ab
571 1855 649 1943 alio,
668 1854 727 1927 sua
741 1855 868 1925 habeat
885 1850 1032 1924 Andtor.
1068 1848 1181 1921 Nune

151 1978 244 2050 tanti
269 1979 318 2051 est
340 1979 509 2052 momenti
532 1977 577 2049 ad
604 1977 706 2075 ipsam
732 1975 896 2049 Austoris
918 1972 1181 2069 intelligentiam

151 2097 222 2174 lioc
246 2101 416 2192 officium,
444 2112 487 2176 iit
511 2101 568 2174 illa
591 2102 746 2174 constare
765 2099 838 2172 sine
858 2095 928 2169 boe
944 2095 1091 2168 omnino
1108 2116 1181 2166 noii

152 2220 268 2316 posiit.

215 2341 287 2412 sad
302 2338 397 2438 quod
423 2341 513 2439 saepe
536 2342 698 2431 dinume,
724 2341 780 2443 illa
804 2338 1049 2439 interpnetandi
1066 2337 1181 2411 officia

155 2462 351 2535 adhibenda
376 2465 444 2536 effe
470 2455 554 2536 loeis
576 2466 616 2537 iis
635 2467 697 2562 qui
721 2489 762 2537 ea
785 2464 989 2551 desiderent,
1010 2473 1046 2534 et
1068 2487 1179 2558 quan-

156 2599 233 2657 tum
258 2585 450 2657 desiderent
473 2598 581 2683 atque
603 2613 691 2685 opus
715 2589 887 2660 habeant:
913 2587 982 2658 hoc
1002 2584 1104 2682 quale
1126 2584 1179 2672 sit,

156 2706 422 2804 intelligendum
452 2709 511 2791 est.
575 2695 819 2806 lntei'pietatio
844 2697 992 2782 certum
1005 2707 1113 2780 finem
1139 2731 1180 2778 uc

156 2828 304 2901 modum
329 2830 465 2903 liabent.
516 2833 626 2920 Nam,
652 2843 693 2904 ut
718 2854 824 2905 nemo
847 2832 983 2904 dubitat
1005 2831 1092 2926 quin
1117 2829 1183 2900 ob·

157 2951 254 3023 scura
271 2951 437 3041 illustrari,
460 2955 625 3059 impedita
646 2955 795 3051 expediri
817 2956 989 3027 debeant:
1017 2953 1066 3024 ita
1081 2951 1182 3024 dubi-

157 3056 254 3147 tatur
269 3075 355 3171 quii
371 3075 412 3147 su
427 3076 613 3149 obscurum
635 3087 673 3150 ei
696 3076 915 3176 impeditum.
966 3076 1078 3172 Atqui
1103 3073 1184 3145 nec

127 3203 129 3207 ’
157 3217 231 3272 non
247 3197 359 3296 perse
380 3196 436 3270 sed
457 3202 716 3297 eomparatione
731 3201 910 3274 constanti
935 3223 1008 3272 non
1026 3197 1105 3270 sunt
1121 3198 1184 3269 ab·

158 3319 279 3406 soluta,
305 3320 361 3393 sed
386 3321 512 3408 relata3
547 3335 589 3397 ut
613 3324 710 3422 quod
734 3323 804 3395 aliie
826 3322 1012 3396 obscurum
1039 3320 1184 3418 impedi·

159 3448 309 3535 tumque
325 3442 378 3531 sit,
394 3445 487 3516 idem
504 3447 578 3519 aliia
599 3447 813 3544 perspicuum
837 3446 1107 3542 expeditumque
1130 3465 1183 3514 ie-

158 3563 321 3659 ponatur.
365 3565 463 3662 Ergo
486 3588 604 3665 neque
627 3570 677 3640 ita
696 3566 924 3640 diffiindeiida
943 3567 994 3639 est
1011 3568 1184 3663 lnteipiu

36 3760 46 3799 Τ
160 3686 259 3773 tatio,
275 3696 319 3758 ut
335 3710 394 3758 eos
414 3689 518 3760 etiam
538 3690 633 3764 locos
648 3691 808 3787 explicet,
826 3690 976 3786 quinon
992 3689 1054 3761 nifi
1069 3689 1184 3785 pueris

158 3830 201 3881 ao
218 3808 387 3882 tironibus
409 3810 542 3884 obscuri
564 3812 654 3886 sinti
679 3836 797 3910 neque
818 3813 866 3884 ita
880 3811 1126 3910 iestiingendu,
1144 3816 1185 3882 ut

159 3948 234 4005 non
256 3931 319 4005 nisi
339 3956 401 4005 eos
426 3937 577 4032 attingat
596 3936 702 4024 locos,
719 3936 756 4008 in
773 3932 900 4033 quibus
917 3933 1101 4006 dottiffimi
1117 3933 1184 4004 bo·

160 4055 274 4127 mines
297 4056 467 4130 haereant.
519 4058 561 4129 In
583 4060 686 4156 piiori
709 4082 837 4157 genere
856 4057 935 4129 sont
951 4055 1183 4142 Mineliianae,

160 4174 399 4270 Famabianae,
425 4179 616 4278 similesque
641 4181 838 4255 editiones:
872 4203 959 4278 quaa
988 4200 1057 4278 ego
1090 4178 1184 4252 haud
