2684 4762
240 312 299 369 438
378 307 781 369 D.W.AN1MADV.1N
801 308 1035 370 PLUTARCIss
1058 309 1146 371 LIB-

230 471 349 550 -uobis;
372 470 522 555 squidem
537 471 624 536 Galli
636 494 768 559 corpora
779 472 833 560 ips
848 473 904 537 sua
916 472 1120 560 quibusdam
1135 469 1231 539 notis
1242 470 1288 537 vel

238 573 353 635 florum
374 571 421 634 vel
436 571 568 636 aliarum
584 595 690 638 rerum
705 574 918 659 compunxisse
932 574 1104 639 videntur.
1148 573 1288 640 Cultum

228 672 406 738 Lueretius
426 669 540 736 diserte
562 672 721 758 descripfit
743 675 788 738 ΙΙ.
802 674 1002 761 598-643·
1022 697 1066 739 ex
1090 695 1166 762 quo
1186 693 1291 762 pause

237 774 520 860 ponamus—618:

225 910 230 919 ·
322 872 475 961 Tympana
487 885 571 936 tenta
584 885 687 938 tonant
701 874 824 962 palmis,
838 888 866 939 et
878 875 1054 962 φνάαὶα
1027 901 1151 942 caesena

224 1012 230 1019 ·
322 975 474 1055 Concava,
490 975 694 1062 raucisonoque
707 977 859 1040 minantur
872 999 978 1042 menna
993 989 1111 1056 cantu,

224 1112 231 1120 ·
320 1077 367 1141 Et
383 1076 513 1162 Phrygio
523 1074 663 1161 stimulat
675 1099 793 1142 numem
807 1102 885 1141 caua
901 1078 976 1141 tibia
989 1090 1126 1158 mentes,

321 1175 451 1262 Telaque
461 1189 647 1264 praeportant
660 1177 784 1241 violenti
793 1179 888 1266 stgna
897 1179 1035 1265 suroris,

319 1279 459 1363 Ingratos
470 1277 592 1357 animos,
610 1291 699 1366 atque
712 1280 803 1366 impia
814 1289 933 1366 potiora
946 1279 1041 1367 vulgi

321 1384 491 1446 Conterrere
505 1392 581 1445 metu
595 1407 664 1467 quae
675 1381 780 1468 peffnt
793 1383 911 1447 numine
922 1384 1033 1447 Diua.

319 1487 405 1571 Ergo
416 1507 504 1570 quum
513 1484 642 1569 primum
656 1506 783 1567 magnas
798 1484 917 1548 invecta
926 1500 982 1572 per
995 1484 1092 1549 urbes

219 1614 223 1623 ·
316 1584 484 1670 lisursistcat
498 1584 589 1647 tacita
604 1583 740 1648 mortales
752 1598 835 1648 muta
846 1584 961 1671 salute,

222 1727 226 1734 ·
316 1688 396 1751 AEre
410 1698 498 1772 atque
511 1698 634 1773 argento
643 1686 785 1769 sternunt
799 1687 855 1749 iter
869 1711 950 1750 omne
962 1686 1094 1751 viarum

316 1787 474 1874 Largiſsra
484 1783 564 1875 stipe
577 1789 716 1864 ditantes,
732 1788 918 1875 ninguntque
935 1790 1069 1875 resarum

220 1930 224 1937 ·
316 1887 465 1966 Floribus,
479 1888 647 1951 umbrantes
661 1887 808 1965 Matrem,
824 1887 1013 1973 comitumque
1027 1900 1198 1957 catervas.

314 1991 377 2056 Hic
392 2002 511 2054 armata
525 2014 642 2067 marrus,
660 1989 784 2053 Curetas
798 1988 910 2052 nomine
927 1988 1018 2052 Graii

317 2092 397 2176 Quos
412 2102 571 2154 memorant
588 2089 744 2176 Phrygios,
760 2089 880 2173 interse
887 2087 972 2174 sorte
987 2101 1117 2162 catenas

314 2190 451 2267 Ludunt,
463 2190 497 2252 in
512 2213 717 2275 numerumque
732 2187 879 2274 exsultant
887 2188 1042 2273 sanguine
1053 2190 1160 2274 fleti:
1186 2205 1219 2255 tt

295 2346 299 2352 .
314 2293 355 2356 T
351 2317 398 2354 rr
388 2290 472 2376 ficas
487 2291 565 2376 capit
566 2315 614 2353 um
628 2290 790 2377 quatientes
805 2291 922 2374 numine
935 2288 1036 2375 cristas

215 2447 219 2454 .
312 2394 445 2457 Ditiaeos
458 2393 589 2481 referunt
606 2392 740 2456 Curetas.

228 2496 423 2563 Caeterum
416 2519 448 2559 m
473 2496 535 2561 hoc
562 2494 723 2559 Plutarchi
744 2494 816 2559 loeo
838 2518 902 2559 non
927 2517 991 2559 una
1012 2496 1057 2558 est
1079 2442 1276 2565 difficultas.

226 2600 333 2683 Κρίνων
352 2601 371 2662 sr
392 2599 555 2683 quiscum
577 2600 624 2661 H.
640 2598 804 2681 Stephano
817 2597 910 2661 Thes
927 2599 965 2662 L.
980 2598 1039 2660 Gr.
1055 2598 1221 2684 Append.
1212 2623 1274 2687 ..p

216 2719 323 2785 ·1297.
346 2722 402 2785 pro
423 2721 540 2785 genere
562 2698 736 2762 saltationis
758 2698 913 2783 accipiat3
936 2713 1044 2762 tamen
1067 2701 1274 2767 conffiuaio

225 2804 395 2867 verborum
409 2799 580 2864 laborabit:
604 2797 682 2863 item
698 2797 868 2877 laborabit,
888 2799 907 2862 sr
927 2798 1033 2885 agliae,
1048 2797 1202 2882 liliorum,
1218 2802 1273 2866 in·

224 2903 351 2990 telligas
370 2901 498 2964 liliorum
509 2899 678 2986 florumque
700 2898 826 2963 aliorum
836 2901 1037 2988 sparstonem:
1061 2914 1121 2964 aut
1146 2902 1166 2964 st
1191 2926 1269 2966 om·

226 3004 303 3070 nino
325 3003 503 3081 omittatur,
523 3002 710 3066 auctoritate
731 3002 940 3088 plurimorum
961 3001 1126 3081 codicum,
1151 3018 1270 3069 tamen

224 3106 368 3190 τυμπάνων
387 3105 555 3192 ἐγχαράξεις
574 3128 638 3168 non
656 3104 741 3170 recle
764 3104 931 3169 dicantur:
958 3105 1077 3191 quippe
1101 3118 1268 3194 tympano·

224 3233 290 3274 rura
312 3210 353 3274 est
373 3207 511 3295 pulsatio,
527 3205 675 3292 concreffio,
690 3210 829 3292 ἀραγμὸς,
847 3207 985 3295 ἐνάςαξνςς
1001 3206 1184 3292 cujusmodi
1201 3234 1268 3276 no·

215 3335 298 3376 -men
314 3311 366 3374 hic
380 3310 471 3374 locus
485 3308 544 3372 des
547 3308 647 3371 derat
671 3307 704 3371 Si
717 3309 872 3392 ἐγχάραξις
884 3330 1075 3395 germanum
1087 3311 1131 3373 est
1133 3312 1266 3398 ,figni-

216 3414 336 3480 ¹sicatur
357 3411 538 3496 insculpti0‚
558 3433 622 3496 qua
642 3410 768 3494 corpori
791 3411 808 3472 s
801 3433 899 3497 gurae
921 3411 1205 3498 impungerentur,
1229 3431 1267 3513 et

222 3512 306 3578 forte
327 3532 399 3574 vera
420 3509 514 3573 lessio
534 3509 632 3573 fuerit
653 3509 701 3571 nai
728 3507 821 3595 repleant
846 3510 1013 3595 ὗγχαράξεις
1035 3511 1083 3573 καὶ
1104 3506 1266 3594 τυμπάννάν

222 3613 333 3700 ἐναράξε
336 3639 368 3686 νς
412 3611 547 3674 thoe
575 3610 658 3676 sorte
679 3609 807 3696 longius
834 3633 853 3675 a
882 3610 1084 3681 similitudine
1111 3612 1265 3702 vulgatae

213 3717 382 3802 scripturae
404 3714 504 3779 abesse
521 3713 696 3799 judicetur.
734 3717 852 3801 Neque
868 3716 1021 3802 probatur
1035 3716 1129 3782 nobis
1144 3720 1265 3787 Mezi-

221 3819 297 3885 riaci
312 3817 466 3902 ἐγκράξεις,
484 3811 713 3879 inclamationes.
759 3817 884 3900 Itaque,
901 3817 921 3880 sr
937 3816 1062 3903 legatur
1084 3818 1190 3905 κρίκων
1212 3825 1267 3907 xa}

219 3919 364 4004 τυμπάνων
392 3919 544 4004 irrepsisse,
573 3916 747 3980 annulorum
770 3930 1026 4004 tympanorumque
1051 3923 1265 4009 coneuffiones,

98 4061 99 4064 =
211 4015 490 4095 .habebimus,nis1
511 4038 617 4078 reram
636 4014 818 4094 lectionem,
843 4029 876 4080 at
898 4039 980 4097 earn,
1003 4016 1036 4081 in
1059 4018 1154 4106 cujus
1178 4046 1262 4112 pro.

213 4121 382 4188 ·babilitate
396 4118 489 4188 nobis
503 4115 701 4202 acquiescere
716 4115 829 4182 liceat:
847 4118 997 4204 siquidem
1013 4120 1102 4207 reginos
1113 4122 1178 4191 sint
1193 4151 1260 4195 an.

111 4265 114 4272 -
152 4281 156 4286 .
213 4221 288 4289 nuli
310 4233 506 4299 catenarum,
520 4219 635 4308 quibus
656 4217 710 4290 illi
724 4218 900 4309 sacerdotqs
919 4221 1099 4306 quatiendis
1116 4225 1149 4290 se
1170 4228 1261 4298 iuvi-
