2684 4762
220 311 282 370 464
360 307 400 366 D.
414 307 467 364 W.
486 304 695 367 ANIMADV.
715 306 764 366 IN
783 304 1031 366 Pnumcm
1051 306 1143 367 Lm.

221 472 273 534 Ita
301 492 339 533 rx
362 469 499 535 Bentleii
523 469 645 534 ratione
670 469 857 555 legendum,
883 469 1073 535 Emendat.
1100 469 1267 536 Menandr

220 592 253 637 et
278 575 410 638 Philem.
434 595 467 660 p
482 591 535 658 37.
579 575 678 638 Nunc
693 594 733 637 ex
750 572 813 637 hoc
833 571 1003 639 Plutarchi
1019 571 1107 637 loco
1121 572 1336 660 intelligi-¹

220 696 292 739 mus
307 674 437 737 alteram
453 671 682 738 Menandream
703 672 868 758 personam
883 671 946 735 esse
965 671 1164 738 Biantem:
1187 696 1271 738 eum·

219 774 293 840 dem
312 777 460 861 ευκίιρυφον
478 774 654 861 significant
668 773 826 839 Scholia'
819 798 851 837 rn
871 773 1027 860 margine
1052 774 1219 841 codicum
1238 779 1274 840 Ε.

218 890 253 942 et
267 877 352 942 Voss.
368 879 423 942 ubi
444 877 485 941 nd
505 899 621 941 nornen
644 875 741 940 Βίαντι
761 876 953 962 adscriptum
968 877 1019 940 est
1036 883 1084 964 τῷ
1105 880 1271 966 &agriam

218 1001 413 1069 quamquam
433 980 471 1043 E.
494 979 591 1043 habet
614 978 727 1041 ulam.
766 979 804 1041 In
823 976 924 1041 altero
937 978 1052 1056 versu,
1069 1001 1181 1065 quem
1201 980 1273 1043 item

218 1101 243 1142 a·
252 1078 440 1145 Plutarchea
455 1081 597 1145 oratione
611 1079 818 1157 distinximus,
833 1080 969 1143 verbum
980 1081 1180 1162 Ξηθοῦμαος
1192 1096 1275 1145 certo

219 1180 311 1245 nihili
333 1183 387 1260 est,
416 1204 475 1246 nec
503 1204 523 1246 a
549 1181 798 1268 lexicographis
826 1192 883 1244 aut
912 1179 1000 1260 ullo,
1034 1182 1140 1268 quod
1159 1184 1276 1262 seiam,

219 1281 380 1368 Scriptore
397 1283 581 1370 proditum:
605 1283 713 1369 itaque
730 1283 796 1369 legi
813 1294 846 1346 et
859 1280 938 1346 verti
952 1284 1187 1365 ἔκθανοῦμενος,
1204 1310 1275 1349 mr-

217 1384 331 1448 rr'turus
355 1385 427 1468 risit,
451 1383 689 1470 comparatione
711 1382 895 1448 Terentiam
920 1383 1128 1451 Gnathonis
1155 1385 1194 1451 in
1210 1387 1275 1451 Eu·

218 1484 328 1549 uucho
355 1484 515 1549 adulantis
539 1483 694 1548 Thrasoni
721 1506 759 1550 ao
784 1482 916 1547 n'dentis
942 1483 988 1548 ud
1017 1485 1132 1571 ipsius
1162 1487 1277 1575 jocum

217 1586 361 1672 quamvis
377 1586 541 1672 frigidum,
558 1587 622 1649 111.
639 1605 669 1651 2.
683 1605 751 1668 44:

259 1688 332 1750 Gn.
344 1684 413 1765 Ha,
422 1687 474 1766 ba,
485 1687 538 1752 bc!
560 1688 656 1751 Tun.
675 1686 761 1773 Quid
771 1685 864 1751 rides
885 1686 957 1751 Gn.
973 1680 1083 1770 ΨΜ,
1099 1688 1194 1776 quod
1204 1687 1278 1757 dixti

345 1787 448 1851 mador

259 1889 305 1953 El
320 1886 401 1953 illud
412 1888 448 1953 dc
460 1887 574 1954 Rhodio
588 1888 724 1953 dicium
711 1912 744 1951 m
758 1900 881 1953 mentem
894 1887 991 1954 venis.

218 1991 300 2058 Sane
322 1989 490 2056 Terentius
510 1990 675 2075 personam
698 1989 870 2055 adulatoris
891 2003 925 2053 et
942 1989 1062 2057 militia
1076 1993 1221 2081 gloriosi
1242 2016 1279 2063 ex

216 2093 388 2159 Menandri
417 2094 536 2159 Colace
561 2094 694 2160 sumsisse
722 2095 753 2160 se
782 2094 900 2159 fatetur
928 2092 1065 2180 Prolog.
1098 2100 1203 2164 verso
1223 2120 1278 2185 3ο.

217 2192 323 2280 Igitur
342 2217 415 2259 mea
427 2194 559 2280 quidem
579 2195 741 2281 opinione,
755 2194 843 2281 apud
856 2192 1083 2261 Menandrum
1101 2200 1279 2266 Struthiat

208 2297 362 2363 adulator
375 2297 466 2362 irrifit
487 2297 635 2362 Biantem
654 2297 836 2361 adulando:
869 2317 1008 2381 cumque
1026 2296 1111 2363 Bias
1137 2301 1174 2365 ei
1200 2324 1276 2367 nar·

215 2397 307 2461 rasset
328 2400 359 2462 se
379 2397 519 2483 aliquem
542 2398 700 2486 Cyprium
716 2397 850 2463 diderio
870 2395 1048 2482 perculisse,
1065 2397 1103 2463 in
1117 2401 1228 2469 risum
1245 2404 1275 2468 se

216 2497 329 2565 offudit
350 2499 512 2564 Struthias
531 2498 663 2565 laudans
688 2497 768 2564 illud
790 2498 959 2564 didonium
980 2510 1016 2562 et
1037 2500 1222 2569 affirmans
1243 2505 1275 2569 so

214 2599 448 2686 propemodum
464 2601 526 2664 risu
537 2601 648 2665 emori.
673 2600 738 2664 Sed
751 2600 820 2663 lraec
831 2599 986 2685 ejusmodi
996 2599 1040 2663 est
1052 2603 1274 2689 conjeetura,

215 2714 264 2778 ut,
278 2699 354 2763 licet
369 2701 553 2784 probabilis,
571 2714 680 2764 tamen
703 2699 779 2764 falsa
796 2700 857 2763 esl'e
875 2701 979 2784 possit.
1024 2704 1108 2788 Πςός
1126 2708 1182 2769 τὸν
1204 2708 1272 2770 Kri-

92 2810 97 2815 ’
211 2830 287 2892 arguor
311 2806 354 2868 est
376 2807 419 2868 ad
439 2804 518 2869 illud
539 2806 693 2870 differium
715 2818 809 2887 tuum,
831 2807 910 2893 quod
930 2807 1003 2870 mili
1021 2809 1167 2895 narrasti
1186 2824 1220 2874 te
1238 2814 1272 2877 iu

216 2911 354 2996 Cyprium
368 2910 471 2998 conjeci
494 2936 521 2990 c,
542 2926 627 2998 paene
640 2911 701 2997 rfit
716 2909 861 2989 emorier3
884 2909 930 2972 ita
949 2910 1022 2994 πρὸς
1043 2930 1123 2974 cum
1145 2915 1269 2977 Accu·

212 3012 310 3077 sativo
332 3013 414 3077 valet
437 3027 567 3101 propter,
588 3027 651 3098 per.
697 3012 750 3076 Sic
774 3011 860 3097 apud
881 3011 960 3075 alios
982 3024 1017 3074 et
1040 3009 1268 3080 Plutarchum

213 3114 300 3200 Opp.
321 3116 410 3177 Mor.
435 3136 468 3199 p.
486 3115 560 3198 653.
577 3118 613 3178 E.
639 3130 711 3196 722.
727 3114 769 3176 A.
801 3114 874 3197 863.
889 3114 934 3176 D.
962 3112 1037 3197 916.
1051 3111 1092 3175 B.
1119 3134 1204 3199 990.
1219 3120 1267 3181 A.

211 3236 287 3303 942.
303 3219 341 3279 E.
379 3216 527 3279 Vitarum
544 3236 577 3299 p.
591 3234 644 3281 21.
661 3217 696 3278 F.
723 3234 794 3277 100.
806 3214 845 3277 Β.
872 3229 943 3298 135.
957 3215 996 3276 E.
1022 3227 1096 3294 171.
1112 3213 1157 3277 C.
1184 3235 1269 3301 23ο.

210 3319 257 3381 D.
282 3336 355 3402 293.
371 3315 411 3378 C.
435 3316 558 3401 295.B.
583 3316 656 3399 296.
671 3317 714 3378 A.
736 3315 859 3400 31113.
881 3314 1003 3398 372.F.
1023 3326 1101 3394 405.
1113 3313 1156 3376 E.
1181 3321 1267 3402 4⁶5·

212 3417 248 3480 1.
270 3434 347 3500 532.
364 3416 404 3479 C.
428 3419 502 3500 630.
519 3419 553 3479 F.
577 3417 651 3498 667.
667 3417 704 3477 E.
727 3415 801 3478 680.
814 3417 858 3478 A.
873 3414 1002 3496 7066.
1018 3428 1094 3495 727.
1109 3413 1152 3476 C.
1181 3432 1266 3504 739.

213 3515 253 3579 C.
282 3515 411 3598 743.E.
443 3515 516 3597 788.
539 3515 576 3579 Β.
612 3514 744 3598 823.Α.
775 3515 850 3599 908.
865 3516 909 3580 A.
943 3531 1019 3599 923.
1035 3513 1078 3577 D.
1114 3518 1200 3601 936.
1219 3520 1265 3582 Ε.

212 3619 297 3683 Item
311 3616 419 3679 Latini
441 3616 552 3679 eadem
574 3615 696 3679 ratione
715 3615 830 3678 dicunt
847 3616 891 3678 ad
901 3639 911 3677 :
934 3635 999 3699 qua
1017 3612 1058 3678 de
1075 3618 1265 3684 eonsuetu-

210 3716 286 3780 dine
308 3715 509 3782 tradiderunt
536 3717 574 3779 R.
600 3715 766 3780 Bentleius
789 3715 830 3779 ad
851 3717 968 3780 Horat.
995 3716 1062 3779 Sat.
1087 3717 1115 3780 l.
1138 3719 1176 3782 6.
1203 3722 1265 3806 87.

210 3821 254 3884 G.
274 3817 405 3882 Cortius
427 3817 467 3881 ad
488 3817 667 3882 Sallustium
691 3839 724 3902 p.
741 3834 814 3902 971.
837 3816 917 3880 Γέλω
940 3816 1052 3880 ἔκθανον
1073 3831 1197 3885 notum
1221 3845 1266 3890 ex

210 3920 319 4009 Odyss.
335 3920 374 3986 Σ.
390 3943 444 4006 99.
466 3920 628 3984 illustravit
641 3919 835 3984 Abreschius
856 3919 898 3983 ad
920 3920 1063 4006 Hesych.
1077 3943 1152 3986 voc.
1167 3926 1264 4003 Ἐξέ.

209 4026 301 4094 davo·
326 4023 553 4105 ἔλειποθύμησενε
575 4035 608 4084 et
621 4043 683 4085 nos
695 4021 883 4085 monuimus
896 4020 938 4083 ad
951 4022 1020 4085 Ser.
1033 4022 1139 4088 Num.
1149 4025 1262 4098 Vind.

210 4146 243 4209 p.
257 4125 332 4208 563.
347 4125 391 4187 D.
435 4125 559 4187 Notum
582 4122 682 4185 etiam
703 4121 796 4186 nobis
811 4144 850 4185 ex
863 4121 927 4185 hoc
941 4122 1009 4207 ipso
1022 4122 1104 4188 libro
1124 4124 1262 4195 dierum

211 4223 384 4291 adulatoris
403 4224 571 4303 dominum
593 4222 752 4300 laudantis
775 4245 810 4312 p.
824 4239 880 4310 54.
902 4222 952 4289 C:
981 4223 1133 4312 'Axolpffi
1158 4233 1263 4315 paon,
