2684 4762
203 307 258 371 nrt
276 308 503 371 Aunrsnnrs
525 309 670 370 ronne
691 317 778 387 pm.
791 268 962 377 ΗΜ).
1041 316 1100 379 24⁵

110 487 164 551 24·
180 472 217 536 F.
238 477 294 550 Τὴν
307 474 357 555 μὲν
371 479 431 561 γὰρ
444 473 641 560 anxiemur-ss
668 472 796 538 Hefiodi
810 471 901 562 Ἔςγ.
918 472 957 540 28
958 485 992 559 5.

111 590 165 652 24.
182 575 217 637 F.
240 572 323 648 Aldu
336 579 395 660 γὰρ
409 579 435 637 ἐν
449 572 641 659 κακότητι-]
664 576 765 638 Hom.
781 572 888 661 Odyss'.
898 575 937 639 T.
952 575 1028 660 360.

108 691 161 754 24.
175 675 210 739 F.
232 679 279 753 τὴν
300 675 572 758 εὐδαιμονίαν-βίου
595 675 772 756 κατὰφύσιν
798 677 959 762 εὐροοῦντος]
1000 672 1102 740 Multi

62 773 186 839 multa:
211 774 244 840 in
259 774 369 862 primis
385 776 567 843 Aristoteles
582 778 614 843 in
630 776 765 856 Ethicis,
783 778 931 841 Stobaeus
950 779 1053 841 Senn.
1071 778 1100 841 Ι.

64 874 125 942 cI.
161 877 214 942 Est
229 876 293 943 fere
307 876 451 945 Stoicum
467 882 614 966 adprime,
630 878 670 943 de
685 901 750 966 quo
763 879 836 944 satis
851 879 886 950 fit
899 877 1007 972 legiffe
1018 899 1101 964 quos

60 975 260 1047 laudavimus
274 978 315 1042 ad
331 978 489 1044 Plutarchi
505 979 648 1044 libellum
664 980 703 1045 de
719 983 786 1046 Ser.
800 980 901 1046 Num.
913 976 1013 1046 Vind.
1030 977 1100 1044 edi-

63 1076 162 1143 tionis
176 1077 341 1165 peculian's
355 1101 388 1166 p.
404 1100 454 1160 14,
471 1079 566 1166 hujus
582 1101 615 1166 p.
625 1082 701 1166 548.
715 1081 763 1145 D:
781 1101 884 1166 nuper
896 1079 993 1144 etiam
1008 1101 1098 1166 qure-

62 1176 138 1242 dam
154 1179 334 1243 notavimus
348 1179 388 1243 ad
404 1181 512 1244 Vitam
526 1180 658 1245 Davidis
673 1181 858 1248 Ruhnkcnii
872 1203 904 1268 p.
916 1200 990 1267 294.

106 1305 142 1371 p.
155 1298 207 1369 25.
222 1287 265 1350 A.
288 1288 323 1360 ὥς
337 1284 395 1348 drot
408 1286 531 1374 χαίρων]
558 1285 669 1375 Odyff.
684 1295 722 1350 Δ.
738 1306 791 1374 93.

105 1402 159 1471 25.
174 1387 216 1452 A.
235 1385 323 1474 Ἔχω
337 1387 363 1451 δὲ
378 1392 490 1466 πολλὴν
504 1388 653 1475 niolae-q
680 1387 854 1455 Menandri
872 1389 935 1454 hoc
953 1410 1018 1455 non
1037 1386 1098 1454 ali-

62 1488 165 1568 unde,
183 1489 272 1575 quod
291 1489 398 1570 sciam,
419 1489 472 1553 nist
495 1490 556 1555 hac
577 1490 737 1556 Plutarchi
752 1490 903 1556 citatione
918 1492 1098 1578 cognitum,

62 1589 175 1661 retulit
193 1590 225 1654 in
246 1592 403 1676 Excerpta
417 1592 513 1678 Trag.
532 1605 565 1655 et
587 1591 681 1657 Com.
704 1592 835 1657 Grotius
858 1614 891 1679 p.
907 1609 989 1679 755:
1013 1590 1101 1657 unde

61 1690 211 1780 repetivit
223 1693 256 1758 J.
271 1691 416 1756 Clericus
430 1713 464 1780 p.
478 1694 552 1774 264.

108 1809 161 1879 25.
178 1795 216 1860 B.
239 1796 290 1874 Μή
307 1822 354 1877 μοι
375 1795 536 1881 γένοιτο-ἦ
562 1795 723 1881 Euripidis
738 1796 770 1860 in
785 1796 904 1862 Medea
918 1799 993 1884 603.
1029 1799 1099 1861 Ha·

61 1896 120 1961 bet
145 1918 274 1984 quoque
296 1899 444 1962 Stobaeus
469 1899 570 1964 Senn.
586 1898 676 1962 XCI.
700 1921 733 1986 p.
746 1915 821 1984 507.
842 1898 952 1963 addito
971 1911 1004 1963 et
1022 1921 1099 1963 auc-

62 1997 144 2079 toris
158 2012 192 2062 et
206 1997 323 2063 fabulae
339 1998 480 2063 nomine.
749 1985 751 1989 ’

107 2117 160 2185 25·
176 2100 215 2164 Β.
236 2096 275 2164 Ti
287 2103 335 2176 τὴν
348 2099 534 2186 eugenii-4
561 2098 720 2185 Euripidis
735 2099 767 2163 in
786 2098 933 2165 Phoeniff.
947 2112 1025 2183 552.

107 2220 126 2266 2
126 2215 160 2285 5.
176 2200 217 2272 C.
239 2205 293 2276 τοῖς
308 2199 497 2290 Στωϊκοῖς-]
524 2203 651 2267 Notum
667 2203 709 2267 eli
729 2201 875 2267 Stoicum
891 2192 1099 2294 paridoxum,

64 2301 248 2388 Sapientem
267 2301 311 2366 nil
327 2301 380 2366 nist
395 2302 527 2367 virtutes
541 2316 575 2368 et
588 2304 684 2384 bona,
701 2303 904 2390 Infipientem
919 2304 964 2369 nil
982 2303 1036 2368 nist
1052 2303 1099 2368 vi·

64 2403 108 2467 tin
123 2417 157 2467 et
170 2403 254 2467 mala
268 2404 395 2467 habere.
419 2403 502 2469 Vide
513 2403 553 2469 de
565 2405 781 2493 insipientibus
793 2404 984 2472 Ciceronem
996 2408 1021 2470 F
1022 2404 1100 2491 inlb.

64 2506 125 2570 lV.
142 2524 198 2585 24:
224 2506 388 2571 Stobaeum
403 2508 517 2595 Eclog.
531 2509 639 2573 Ethic.
656 2530 689 2595 p.
706 2509 869 2594 178,179:
894 2508 1100 2574 Plutarchum

64 2608 152 2696 Opp.
169 2610 255 2674 Mor.
278 2633 311 2698 p.
331 2612 423 2696 1076.
438 2614 476 2676 Β.
513 2613 599 2676 Nam
622 2611 662 2676 de
684 2610 833 2698 Sapiente
852 2610 939 2676 nulla
957 2610 1022 2676 fere
1040 2632 1099 2698 pa-

61 2710 141 2798 gina
155 2726 255 2775 vacat.

109 2830 160 2896 25.
176 2812 216 2877 C.
239 2816 302 2875 Oria
324 2809 357 2875 ἂν
378 2812 539 2898 γένοιτο-ἦ
570 2810 731 2897 Euripidis
753 2811 785 2877 in
807 2811 917 2892 AEolO,
941 2823 978 2875 ut
999 2808 1101 2875 edidit

65 2911 213 2975 Stobaens
228 2912 329 2977 Serm.
347 2913 435 2976 XLI.
456 2934 489 2998 p.
502 2931 583 2992 240:
607 2911 673 2975 solo
689 2910 848 2997 Euripidis
863 2910 992 2976 nomine
1009 2909 1100 2981 Plut-

63 3011 180 3090 archus
203 3013 289 3099 Opp.
313 3014 400 3077 Mor.
423 3034 455 3099 p.
476 3016 552 3098 369.
575 3012 613 3075 Β.
637 3026 670 3075 et
691 3028 767 3095 474.
787 3015 829 3074 A.
865 3009 1100 3103 Theophrastus

64 3117 249 3205 Metaphys.
263 3140 298 3205 p.
313 3120 386 3204 269.
743 3177 748 3193 ,

110 3236 162 3306 25.
178 3223 222 3287 D.
240 3219 323 3285 Ἄνευ
337 3223 364 3284 δὲ
377 3228 414 3285 cri
427 3217 548 3305 inmitia]
576 3221 661 3285 Citra
682 3219 852 3296 veritatem,
873 3216 960 3304 quod
980 3217 1012 3282 in
1034 3211 1099 3282 Iit·

64 3321 133 3387 tina
154 3322 416 3409 interpretatione
435 3321 585 3385 editionis
602 3323 694 3402 1624.
713 3320 786 3398 fnit,
801 3318 952 3406 quodque
974 3317 1007 3381 in
1019 3317 1100 3382 'aliis

63 3423 200 3489 oliorum
221 3422 312 3486 aliter
337 3421 496 3487 redditum
518 3422 573 3501 est,
599 3444 708 3486 vereor
732 3433 769 3485 nt
790 3442 861 3484 vere
887 3433 1100 3507 accurateque

63 3521 224 3591 redditum
245 3523 293 3587 fit.
324 3522 407 3586 ‘Areo
422 3522 610 3610 plerumque
625 3520 753 3609 quidem
771 3520 983 3608 privationem,
998 3520 1101 3587 hicet

60 3625 131 3690 aliis
145 3624 224 3691 locis
237 3627 455 3714 adjanmioncm
469 3638 575 3691 notat:
600 3639 637 3689 ut
649 3625 726 3688 itern
738 3623 838 3711 χωρὶς,
849 3634 972 3712 praeter.
1001 3622 1099 3711 Quod

64 3727 163 3815 vulgo
178 3729 284 3794 minus
299 3728 561 3808 animadversum,
576 3751 639 3792 non
654 3729 711 3792 abs
726 3750 758 3791 re
773 3726 906 3805 videtur,
922 3725 975 3790 hic
990 3725 1098 3792 decla·

63 3853 144 3899 rare.
181 3831 286 3917 lgitur
299 3829 396 3918 hujus
411 3831 473 3895 loci
488 3831 591 3896 sensus
613 3830 676 3894 est:
705 3826 910 3915 Praeterquam
928 3852 999 3892 vero
1020 3829 1101 3915 quod

57 3932 149 4021 poesis
169 3933 264 3998 utitur
285 3933 423 4011 veritate,
454 3931 580 3995 maxima
605 3932 699 3995 utitur
726 3930 873 3999 varietate
894 3941 922 3993 ct
943 3929 1100 4015 multiplici

60 4034 315 4105 commutationum
329 4032 538 4120 oicjffimdine.
576 4033 629 4097 Sic
643 4034 729 4121 Opp.
745 4034 833 4098 Mor.
847 4053 880 4127 p.
896 4048 948 4114 71.
963 4032 1011 4116 Ar
1035 4029 1098 4094 ἄνευ

62 4136 90 4198 δὲ
111 4141 158 4210 ris
177 4133 365 4221 dipsas—nol
379 4138 410 4198 ri
428 4141 475 4212 τῆς
493 4134 594 4210 καικίας
613 4133 735 4198 caerlion
750 4133 895 4218 φιλόνεικον
909 4131 955 4212 aa}
967 4130 1096 4208 ard-indes·

59 4249 173 4331 praenr
196 4235 389 4325 ignominiam
410 4238 681 4326 vero-speaanda
708 4234 747 4324 est
770 4235 842 4302 vitii
868 4233 1047 4300 contumacia
1071 4245 1100 4300 ct

562 4356 617 4424 ¹³3
