2684 4762
201 353 245 412 60
286 351 494 412 ANIMADV.
508 350 556 409 IN
569 351 641 410 LIB.
655 350 710 410 DE
723 349 896 410 EDUCAT.
910 350 1146 410 PUERORUM.

97 586 103 598 ⁸
201 513 260 591 tio,
275 536 333 577 nec
348 512 541 594 distributi03
564 513 610 578 nil
622 513 662 577 de
676 512 851 609 Dialetlica
864 525 897 577 et
913 513 1060 600 Physica:
1091 510 1225 575 Moral'n

201 632 272 697 pars
294 611 439 675 laudatur
458 611 625 690 rhetorice,
646 612 726 675 locis
749 610 983 690 communibus,
1011 610 1113 674 nulla·
1127 632 1222 696 argu·

200 713 303 776 menti
314 712 534 796 explicatione,
549 710 712 775 disserendi
726 710 846 774 ratione
861 709 958 774 nulla.

244 813 278 875 P.
292 813 323 875 8.
338 813 383 876 B:
407 810 504 886 Οὕτως
517 812 708 875 ἐπολιτεύσατο
723 816 871 896 Περικλῆς,
886 809 954 882 ὅσιος
971 810 1120 896 Ἀςχῦσας
1132 815 1146 872 i
1157 815 1220 872 Τα-

197 915 327 997 ραντῖνος,
341 908 422 984 οὕτως
436 911 509 974 Δίων
528 917 540 973 i
559 909 743 995 Συρακόσιος,
767 907 836 983 ὕσας
852 909 1056 988 Ἐπαμινώνδας
1071 914 1085 969 ὁ
1099 905 1221 986 &asaiae

198 1029 305 1078 κ.τ.λ.
349 1016 430 1078 Haec
444 1016 487 1078 est
503 1014 603 1078 oratio
617 1013 854 1105 rhetorillantis,
870 1034 933 1075 non
954 1010 1220 1097 philosophantis,

198 1137 259 1179 nec
272 1128 357 1181 certe
373 1113 544 1179 Plutarchi.

241 1219 276 1281 P.
293 1236 340 1298 13.
357 1218 407 1280 A:
429 1219 493 1287 Τοῖς
506 1215 592 1277 παισὶ
606 1218 660 1286 τοῖς
673 1214 799 1288 anschis
814 1218 836 1274 ol
848 1211 961 1299 ποντίοις
978 1213 1063 1293 νήφειν
1077 1219 1218 1298 megani-

196 1342 253 1395 σον,
273 1323 296 1378 οἱ
318 1318 344 1377 δὲ
367 1316 484 1396 μεθύειν·
507 1320 655 1400 σωφρονεῖν,
679 1320 702 1376 οἶ
723 1315 750 1376 δὲ
771 1313 952 1398 ἀσελγαίνειν·
978 1314 1131 1395 potabitur,
1151 1314 1220 1376 ortt

197 1421 326 1502 δασανᾷν·
350 1422 496 1502 φιλεργεῖν,
512 1421 534 1478 οἱ
548 1417 574 1477 δὲ
588 1420 725 1501 ῥᾳθυμεῖν·
749 1441 817 1478 aar.
829 1430 859 1478 λ.
891 1415 953 1478 Hae
967 1414 1039 1477 sunt
1052 1413 1221 1477 antitheses

196 1530 323 1603 patrum
341 1529 374 1580 et
391 1516 605 1582 adulatortmt.
641 1518 826 1601 Sequuntur
839 1513 950 1579 eadem
965 1514 1095 1600 pagina,
1109 1516 1149 1594 E,
1163 1536 1219 1600 pa·

195 1633 283 1684 trum
305 1620 409 1684 secum
430 1621 501 1707 ipsis
521 1619 691 1685 antitheses
711 1618 801 1682 variis
822 1619 1018 1704 temporibus
1038 1619 1122 1682 varie
1142 1619 1220 1683 filios

196 1717 536 1804 &absentium-&ebro
557 1724 634 1801 rari,
660 1714 739 1787 a'thlal
762 1721 808 1800 :rol
825 1723 993 1808 χορήγησον·
1025 1720 1219 1804 hymbrae&

192 1848 271 1903 ms,
290 1827 370 1886 ἀλλὰ
392 1821 438 1902 rol
458 1823 602 1908 σῦγίνοοθι·
627 1821 776 1902 {samaras
798 1848 871 1886 oar:
894 1825 925 1884 δι’
947 1820 1051 1900 οἰκέτα,
1071 1825 1119 1899 τὴν
1138 1823 1220 1907 ὄςγῇν

194 1925 319 2010 mclxv
341 1927 372 2002 ἐξ
392 1929 469 2011 stygii
488 1950 553 1989 ποτε
575 1932 666 2009 ζεῦγος
685 1923 821 2006 sapiam,
842 1922 912 1999 ἦλθέ
931 1948 996 1985 ποτε
1011 1925 1113 2007 χθιζῆς
1132 1920 1219 2002 μέθης

194 2025 343 2106 ἀποπνέων,
357 2025 497 2110 ἀγνόησον·
520 2026 611 2113 μόρων
623 2024 739 2106 ἀπόζων,
753 2026 877 2109 σίγησον·
903 2021 958 2085 ἔσω
972 2032 1115 2110 σκιρτῶσα
1131 2022 1220 2098 νεότης

192 2131 416 2210 πωλοδαμνᾶταν.
460 2129 541 2192 Haec
568 2126 820 2191 admonitionum
844 2124 978 2190 brevitas
1001 2124 1055 2189 cui
1076 2122 1220 2187 videatur

192 2228 303 2309 Stoici,
318 2227 454 2292 maxime
468 2227 633 2311 Epictetei‚
647 2226 846 2302 charatteris,
861 2226 938 2288 esse:
962 2225 1034 2288 sane
1048 2224 1068 2286 fi
1082 2222 1219 2287 brevitas

193 2328 304 2413 sponte
326 2340 401 2390 nata
420 2339 603 2411 appareret:
627 2347 712 2388 nunc
733 2324 786 2388 illa
799 2325 958 2389 curiositas
977 2325 1009 2388 in
1023 2324 1219 2410 paritatiset

191 2427 302 2512 figurae
317 2426 556 2490 continuatione
572 2425 713 2510 quemsis
735 2426 841 2512 potius
863 2426 1034 2505 rhetorem,
1050 2447 1145 2511 quam
1161 2441 1219 2490 aut

191 2526 428 2613 philosophum,
441 2539 497 2590 aut
512 2526 643 2589 omnino
659 2525 863 2611 Plutarchum
878 2527 996 2614 prodit.

233 2626 321 2715 Quid
345 2626 442 2713 igitur
468 2626 610 2692 dicamus
632 2626 672 2690 de
694 2628 882 2714 Heusingeri
904 2628 1065 2714 opinione,
1086 2642 1220 2714 propter

191 2726 274 2789 hanc
288 2724 439 2788 orationis
451 2724 635 2789 brevitatem
650 2725 736 2789 hunc
754 2725 894 2790 libellum
917 2749 937 2789 a
958 2725 1130 2791 Plutarcho
1144 2727 1217 2814 jam

188 2825 309 2890 seniore
329 2825 480 2910 scripturn
504 2825 680 2889 censentis?
714 2825 801 2913 Quid
818 2821 915 2906 aliud,
935 2827 988 2889 nisi
1008 2825 1217 2893 adolescentis

189 2926 278 2990 suiffe
292 2926 377 2989 istam
391 2926 573 3011 opinionem
589 2927 677 2991 nullo
698 2927 802 2991 adhuc
824 2929 879 2993 usu
903 2928 1096 2993 Plutarcheae
1115 2930 1216 3017 scrip·

187 3023 284 3089 tionis
308 3024 437 3088 subacti.
481 3024 633 3089 Haeccine
659 3026 754 3090 fuerit
781 3026 939 3092 Plutarchi
964 3027 1119 3108 scaettas,
1146 3043 1217 3097 tam

186 3125 304 3191 diversa
318 3124 396 3204 stilo,
412 3138 478 3189 tam
492 3148 596 3190 rerum
612 3126 726 3211 inops?
752 3129 795 3190 Et
814 3127 1029 3192 adolescentiae
1049 3141 1083 3193 et
1101 3129 1212 3195 senec-

187 3229 250 3293 tuti
272 3228 337 3315 ipsa
358 3241 470 3293 natura
488 3241 522 3292 et
541 3243 617 3292 aetas
631 3228 734 3292 adfert
747 3229 1009 3293 redundantiam:
1033 3230 1079 3293 illi
1092 3231 1127 3295 in
1142 3256 1212 3297 ver·

187 3331 246 3409 bis,
267 3330 385 3418 figuris,
410 3343 443 3394 et
465 3329 690 3397 sententiarum
709 3329 900 3395 luminibus:
924 3330 997 3394 huic
1016 3331 1049 3393 in
1065 3354 1212 3398 comme·

186 3433 363 3496 moratione
377 3456 481 3497 rerum
496 3433 815 3519 admonitionumque
829 3433 877 3497 vel
897 3457 916 3497 a
930 3433 1082 3498 dostrinae
1096 3437 1210 3523 copiis,

129 3554 138 3571 .
185 3533 234 3596 vel
247 3533 288 3596 ab
302 3533 500 3618 experientiae
515 3534 729 3598 observatione
746 3533 933 3598 oblatanrm.
977 3533 1148 3600 Rhetorica
1162 3537 1212 3601 ri-

184 3633 301 3698 dentur
318 3656 337 3704 a
353 3634 470 3720 juvene
494 3633 662 3697 Plutarcho
686 3635 834 3698 tractata:
859 3634 1013 3720 juveniles
1035 3636 1113 3701 item
1135 3639 1210 3703 sunt

183 3733 367 3820 scriptiones
388 3731 548 3818 Corfirlatio
568 3733 611 3795 ad
629 3732 829 3819 Apollonium,
852 3749 885 3798 et
906 3736 1093 3822 Reprehenfio
1109 3737 1208 3802 Hero·

183 3836 265 3900 dori:
287 3833 402 3912 senilis,
425 3856 465 3897 ne
487 3832 562 3910 alias
583 3833 699 3914 dicam,
715 3837 767 3897 An
777 3836 845 3921 seni
862 3837 996 3921 gerenda
1006 3837 1051 3921 fit
1069 3838 1154 3926 Hesp.
1173 3841 1206 3903 ia

182 3941 321 4026 utrisque
343 3953 449 4003 tamen
473 3937 676 4002 Plutarchum
693 3941 853 4024 agnoscas,
875 3960 949 4004 curn
972 3939 1039 4004 aliis
1058 3942 1091 4006 in
1107 3945 1205 4029 parti·

181 4044 252 4122 bus,
279 4055 349 4107 tum
376 4040 409 4104 in
435 4038 654 4119 redundantia.
701 4040 837 4103 Platonis
865 4042 963 4106 libros
988 4043 1037 4105 Dc
1060 4045 1203 4132 Legibus,

58 4217 64 4228 ⁸
183 4145 326 4218 isocratis
347 4143 613 4222 panathenaicum,
637 4142 760 4239 Libanii
782 4145 956 4209 orationem
978 4147 1026 4210 Dc
1044 4149 1113 4212 Vrta
1129 4149 1203 4226 Suo,

180 4259 218 4310 ut
233 4243 396 4310 Ciceronis
409 4242 606 4330 aliorumque
619 4243 733 4332 scripta
748 4265 789 4309 ne
807 4267 1001 4313 memorem:
1024 4247 1084 4313 hos
1104 4249 1202 4338 igitur
