2684 4762
205 309 225 362 2
405 287 451 356 D.
464 287 525 357 W.
540 286 775 356 PRAEFATIO
795 287 1029 356 ANIMADV.

268 474 460 563 Caeterum,
486 472 692 547 dissimulare
716 497 788 545 non
812 474 960 570 possum,
980 497 1037 547 me
1061 474 1097 545 in
1116 473 1235 546 Inter·

205 597 399 695 pretatione
415 598 531 669 minus
555 598 657 668 etiam
676 621 782 692 quarn
810 597 847 667 in
872 596 1127 668 Emendatione
1143 597 1235 669 mihi

206 717 409 807 satisfecisse,
427 717 602 816 magisque
618 717 705 792 adeo
717 742 822 815 quam
841 729 943 790 antea
955 718 1091 813 judices
1108 743 1236 814 aequos

194 853 243 914 et
259 841 304 913 ad
321 839 568 939 ignoscendum
587 834 709 912 faciles
721 825 888 936 qnaerere.
951 840 1061 936 Cujus
1086 837 1233 937 quidem

205 965 255 1039 rei
270 963 351 1037 duae
367 963 448 1039 sunt
463 965 609 1039 caussaet
635 962 751 1050 altera,
775 963 871 1061 quod
893 963 932 1040 in
956 962 1139 1065 spermiae
1157 961 1233 1035 edi·

207 1088 311 1161 tionis
335 1085 565 1171 Plutarclreae,
591 1084 728 1179 prodito
753 1085 855 1156 Parte
879 1083 927 1170 11,
953 1083 1150 1156 Voluminis
1176 1083 1233 1156 ΙΙΙ

205 1207 433 1281 Bibliothecae
476 1206 630 1292 critica,
668 1205 714 1279 de
754 1206 1042 1303 interpretatione
1078 1206 1230 1277 nimium

205 1329 384 1428 quoddam
410 1327 574 1425 professus
599 1326 687 1415 sum,
712 1339 750 1399 et
769 1339 941 1425 quantum
965 1352 1062 1400 ame
1078 1329 1232 1424 praestari

204 1451 369 1549 efficique
391 1476 463 1523 non
483 1450 728 1548 posset-nune
750 1449 896 1529 demum
920 1449 988 1546 ipse
1013 1450 1231 1548 intelligam:

204 1573 324 1662 altera,
362 1573 458 1671 quod
491 1573 788 1669 Interpretationis
822 1597 927 1669 quam
966 1572 1234 1645 Emendationis

205 1695 373 1768 successus
396 1696 508 1794 magis
533 1696 570 1766 in
597 1695 712 1768 nostra
739 1696 909 1793 potestate
931 1693 1037 1792 vulgo
1061 1693 1232 1782 censetur,

203 1829 310 1915 atque
334 1818 459 1890 idcirco
484 1819 576 1916 aequi
601 1819 705 1890 etiam
726 1818 863 1913 judices
886 1818 933 1888 ab·
951 1816 1138 1890 editoribus
1154 1816 1233 1916 plus

204 1942 242 2014 in
267 1941 556 2038 Interpretatione
579 1965 686 2038 quam
709 1940 965 2014 Emendatione
982 1940 1174 2036 exspedlare
1190 1963 1232 2009 ac

203 2062 374 2162 postulare
399 2064 519 2137 solent.
570 2063 731 2160 Utraque
755 2064 871 2135 caussa
895 2061 1085 2158 cujusmodi
1108 2060 1149 2133 srt
1171 2085 1231 2132 ex-

202 2186 343 2283 plicare,
360 2198 612 2282 argumentum
628 2187 716 2257 mihi
734 2187 843 2279 hujus
856 2183 1077 2255 Prusationis
1090 2183 1169 2255 erit

266 2301 345 2380 Τῦν
372 2295 473 2380 ὄντων
502 2295 552 2378 rol
575 2293 636 2406 pulv
665 2297 715 2398 ἔφ’
738 2299 826 2406 ipsu,
855 2295 905 2378 rrl
933 2293 964 2376 δ’
990 2298 1036 2377 ἐκ
1062 2296 1114 2398 ἔφ’
1138 2295 1228 2406 spir.

205 2426 275 2508 aa
292 2430 375 2508 alta
393 2432 428 2501 iu
443 2430 554 2527 nostra
567 2430 653 2524 saut
671 2432 849 2527 potesate,
874 2431 956 2501 alica
970 2453 1038 2501 raon
1060 2432 1140 2500 itera
1150 2456 1166 2500 .·
1189 2438 1233 2499 ut

203 2552 252 2624 au
269 2551 306 2623 in
324 2548 522 2635 Stoicorum
547 2552 666 2627 initiis.
716 2552 930 2625 Emendatio
952 2585 973 2624 e
997 2550 1124 2648 duplici
1149 2574 1231 2648 pro-

202 2673 366 2747 ficiscitur
381 2673 498 2747 sontc:
524 2673 644 2763 altero,
668 2673 833 2747 librorum
851 2674 1081 2753 austeritate:
1107 2672 1229 2761 altero,

189 2797 416 2893 commum
433 2795 683 2893 probabilitate.
729 2796 920 2894 Utriusque
936 2797 1105 2872 successus
1119 2797 1229 2869 maxi-

202 2940 297 2993 mam
326 2931 459 3017 partem
486 2920 523 2992 in
550 2917 715 2993 felicitate
739 2919 889 3017 quadam
914 2921 964 2992 est
983 2919 1138 3017 positus:
1165 2942 1230 2991 nec

202 3041 283 3116 sunt
299 3041 372 3114 seru
388 3042 562 3115 industria
577 3056 691 3139 partes
716 3042 779 3116 nisr
804 3043 875 3132 baa,
898 3053 940 3114 ut
963 3054 1000 3115 et
1014 3045 1087 3114 rias
1100 3041 1231 3138 quibua

201 3164 314 3247 bonos
339 3166 446 3239 libros
468 3165 706 3239 nanciscamur
722 3162 1178 3264 diligenter'pessequarnnr,
1193 3175 1230 3235 et

202 3289 333 3385 ingenii
349 3287 533 3362 facultates
548 3312 768 3362 exerceamus
780 3288 1013 3385 acuarnusque
1028 3309 1088 3363 eas
1102 3286 1230 3385 quibus

201 3409 406 3504 oonjedtura
420 3414 577 3508 pmitur:
602 3416 703 3509 cujus
728 3410 905 3511 utriusque
927 3434 1054 3509 operas,
1072 3409 1230 3508 quamvis

202 3531 411 3620 necessariae,
438 3532 606 3606 suecessus
633 3537 681 3607 est
711 3537 875 3606 incertus.
927 3532 1170 3630 interpretatio
1195 3535 1230 3604 iu

202 3655 317 3727 nostra
339 3656 408 3728 esse
432 3656 612 3752 potestate,
635 3682 657 3728 a
678 3659 781 3729 nobis
800 3668 836 3728 et
856 3656 1007 3756 pendere
1027 3656 1155 3752 stragi
1170 3680 1229 3727 ex·

202 3778 383 3853 istiuratur.
435 3776 526 3883 Ejus
541 3804 630 3889 quan,
646 3780 690 3854 srt
712 3781 762 3853 vis
778 3791 814 3851 et
830 3781 929 3868 ratio,
946 3781 1042 3877 quod
1058 3776 1228 3864 officium,

200 3899 340 3998 exposui
362 3912 399 3975 et
422 3914 524 3974 antea
544 3903 580 3976 iu
608 3897 793 4000 specimine
806 3896 984 3977 Editionis
1000 3901 1229 3988 maracheae,

200 4033 238 4095 et
254 4044 366 4121 nuper
381 4025 418 4097 in
434 4024 577 4098 exordio
600 4021 850 4107 Annotat'ionis
872 4021 917 4100 ad
942 4026 1072 4099 Selecia
1092 4024 1233 4096 Pnaci-

196 4157 281 4244 pam
296 4147 544 4243 Hssoricorum
564 4147 777 4239 Graecorum,
798 4162 835 4223 ct
860 4173 968 4239 nunc,
994 4161 1030 4222 at
1051 4147 1113 4221 suo
1138 4146 1228 4233 loeo
