2684 4762
291 315 346 374 nu
366 316 591 379 Anmunuis
611 317 758 382 101111.
776 331 866 397 μαι.
880 322 919 392 u,
929 323 962 380 1.
1082 332 1141 383 211
1270 287 1272 292 ’

110 473 172 538 suit
193 495 227 560 p-
242 493 321 546 202:
345 501 445 565 quum
467 481 598 569 quidem
612 495 646 547 et
660 483 792 548 Grotius
807 483 912 549 Floril.
927 507 958 572 p.
976 499 1026 569 15.
1063 485 1139 550 Me·

112 575 224 640 nandri
243 600 361 644 nomen
381 583 564 650 retinuitset.
602 586 640 648 In
655 585 828 672 Musgravii
842 585 981 651 editione
995 588 1038 652 est
1057 586 1141 653 inter

113 678 306 767 Fragmenta
320 684 519 752 incertorum
532 689 722 754 Dramatum
739 689 843 755 CXV.

152 802 186 867 p·
203 801 253 850 21.
269 785 312 849 Α.
336 791 373 849 Εἰ
386 788 445 851 beni
457 816 485 852 n
501 792 582 875 δρῶσι
598 791 755 875 putsch]
784 789 969 854 Plutarchus
984 789 1025 854 de
1039 789 1138 854 Stoic.

109 882 259 973 Repugn.
281 909 314 973 p.
333 907 427 974 1049.
442 892 489 955 E:
511 898 560 955 soii
575 891 707 979 Euentus
720 890 860 976 λέγοντος,
881 897 918 954 Ei
930 891 990 955 deci
1001 918 1028 954 τι
1044 895 1139 978 δρῶσιν

108 987 219 1072 cippis,
240 985 276 1051 ἔκ
297 992 363 1052 εἰσιν
376 990 444 1054 sut.
481 994 627 1058 Stobaeus
647 995 749 1058 Serm.
764 993 922 1057 XCVIII.
946 1015 979 1079 p.
991 1008 1066 1078 539.
1088 992 1139 1059 lo·

107 1110 182 1152 cum
197 1088 297 1154 tribus
310 1092 574 1159 antecedentibus
587 1095 721 1160 veribus
734 1094 910 1189 audt'prem
923 1094 1063 1174 exhibet,
1079 1094 1137 1159 ad-

106 1186 177 1256 dito
205 1191 335 1256 nomine
360 1194 521 1282 Euripidis
547 1208 582 1262 et
606 1196 722 1261 fabulae
749 1195 1023 1283 Bellerophontis:
1053 1195 1140 1262 unde

107 1293 241 1358 Grotius
263 1296 372 1362 retulit
394 1298 543 1387 Florileg.
566 1323 599 1387 p.
612 1319 688 1386 419.
707 1315 741 1364 et
755 1301 819 1387 seq.
857 1300 895 1364 111
917 1299 1140 1386 Margraviann

104 1393 248 1461 editione
261 1398 305 1462 est
318 1399 351 1463 in
367 1401 392 1463 F
392 1422 493 1486 ragm.
508 1400 594 1465 illius
607 1401 738 1481 fabule,
752 1403 847 1467 XIX.

150 1517 202 1565 21.
218 1501 261 1564 A.
282 1505 388 1589 -xpt
410 1504 510 1565 1111.
536 1501 679 1590 ipson-q
705 1502 858 1568 Pindnus
884 1503 992 1568 Isthm.
1009 1503 1068 1570 IV.
1084 1503 1137 1568 81.

105 1599 216 1666 Habet
232 1625 362 1690 quoque
374 1603 527 1669 Aristides
543 1588 598 1670 Or.
615 1605 695 1670 Plat.
712 1606 775 1669 111.
790 1627 824 1691 p.
839 1625 915 1690 322.
1121 1665 1125 1669 ⁴

148 1722 202 1770 21.
216 1705 260 1769 A.
282 1710 374 1791 -Τῷ
386 1710 452 1793 σὰς
465 1708 597 1793 stab]
626 1705 779 1771 Pindarus
793 1706 902 1770 Istbm.
918 1707 994 1772 vil.
1009 1707 1063 1790 67.

148 1824 201 1873 21.
216 1805 260 1872 A.
285 1811 326 1872 Τὸ
340 1809 429 1897 κέρδος
443 1812 545 1898 tes-J
576 1808 745 1896 Sophoclis
766 1831 806 1873 ex
831 1808 952 1873 incerto
974 1808 1137 1874 dramate:

64 1914 68 1920 '
105 1926 127 1970 a
145 1905 310 1974 Brunckio
331 1909 364 1974 in
388 1910 587 1997 Fragmentis
608 1909 743 1995 positum
758 1911 797 1973 T.
812 1910 856 1972 11.
877 1930 909 1994 p.
923 1927 978 1989 42.
997 1920 1032 1972 et
1045 1930 1137 1974 com·

105 2019 252 2093 paratum
274 2032 351 2074 cum
375 2010 464 2076 fimili
488 2010 629 2098 ejusdem
651 2008 738 2074 diuo
761 2008 880 2073 slent.
904 2011 959 2072 61.
982 2013 1066 2070 Δοκῶ
1088 2009 1140 2090 μὲν

102 2108 177 2172 ὠδὶν
190 2113 264 2195 ῥῆμα
278 2111 327 2173 σὺν
340 2109 424 2197 κέρδει
442 2110 537 2174 κακόν.
574 2111 695 2175 Omnes
716 2119 838 2173 veteres
853 2106 925 2172 libri
947 2105 1138 2186 112110111εἴη,

103 2209 204 2296 quod,
213 2233 409 2299 quamquam
420 2212 579 2291 vitiosum,
594 2210 684 2275 nolui
699 2209 762 2275 stne
774 2209 847 2274 libri
861 2208 1049 2274 audioritate
1064 2231 1138 2274 mu-

104 2322 184 2375 tare.
219 2312 385 2399 Xylunder
397 2325 431 2377 et
445 2312 577 2378 Grotius
590 2324 794 2377 correxerunt
809 2311 848 2399 ip,
863 2309 1044 2375 Brunckius
1058 2309 1095 2397 ἴῃ.

150 2429 204 2477 21.
219 2412 263 2476 A.
293 2417 356 2477 Οὐκ
374 2413 551 2501 ἐξάγεσι-]
578 2415 660 2478 Item
681 2413 744 2478 hoc
762 2436 828 2479 uno
851 2415 924 2478 loco
942 2412 983 2477 ad
1004 2412 1140 2480 nostram

106 2512 331 2598 cognitionem
346 2515 491 2601 proditus
505 2515 625 2579 versut:
648 2513 735 2600 apud
749 2515 891 2580 Brunck.
905 2515 943 2579 T.
960 2515 1006 2578 11.
1028 2535 1063 2600 p.
1078 2535 1137 2596 42:

107 2611 259 2678 Grotium
275 2615 424 2702 Excerpt.
439 2638 471 2702 p.
488 2630 560 2699 147.

149 2734 202 2782 21.
216 2717 256 2781 B.
287 2719 378 2792 Δενός
399 2722 457 2806 γὰρ
484 2717 569 2805 ἔφαν
589 2717 749 2803 πλὲτος-]
779 2716 886 2781 Exstat
906 2736 1034 2803 quoque
1053 2715 1141 2803 apud

106 2817 274 2881 Stobaeum
295 2820 396 2883 Serm.
411 2821 598 2883 LXXXIX.
621 2840 654 2904 p.
665 2838 741 2902 503.
756 2817 847 2883 locus
861 2817 984 2884 audior
997 2817 1140 2905 quinque

106 2917 242 2982 versibus
261 2919 320 2983 hos
336 2918 589 3006 praecedent'dius
603 2932 636 2983 et
650 2919 775 2983 duobus
792 2919 994 3003 sequentibus
1014 2918 1139 3004 nppoti·

105 3020 148 3084 tis
169 3022 353 3086 nominibus
373 3021 511 3086 tutioris
536 3034 570 3086 et
595 3020 711 3087 fabulae
742 3021 932 3107 “Sophocles
954 3021 1138 3099 Ἀλεάδαις,”

102 3121 193 3187 unde
211 3124 343 3189 Grotius
364 3124 527 3210 utriusque
548 3122 686 3209 exempli
709 3121 946 3207 comparatione
967 3119 1138 3185 correctio-

98 3236 173 3290 'rem
193 3227 303 3292 retulit
322 3226 354 3291 in
372 3227 519 3314 Florileg.
542 3248 574 3312 p.
588 3244 664 3312 371.
686 3238 720 3289 et
734 3223 917 3290 Brunckius
936 3224 976 3286 T.
991 3222 1035 3284 11.
1059 3242 1091 3307 p.
1105 3237 1137 3307 7.

106 3325 215 3390 Primo
226 3327 315 3390 versu
329 3327 419 3391 Stob.
436 3326 568 3391 Gesneri
581 3326 688 3389 minus
702 3324 787 3389 redte
806 3321 888 3396 Ξένος
901 3326 960 3406 γὰρ
974 3318 1056 3407 ἕρπε,
1078 3343 1140 3390 neo

103 3427 220 3495 meiius
243 3429 431 3495 Trincavelli
458 3428 539 3503 Ξένος
567 3433 626 3516 γὰρ
649 3427 751 3515 Ignes:
781 3423 924 3513 ptnxima
950 3423 1071 3488 babent
1093 3423 1140 3490 ite

105 3529 185 3596 ΑΜ.
207 3531 276 3596 Bas.
301 3531 379 3617 Xyl.
401 3533 445 3596 A.
462 3530 503 3596 C.
517 3532 556 3594 Ε.
572 3531 615 3594 G.
639 3530 742 3596 Mosc-
760 3547 790 3593 1.
807 3546 838 3594 2.
858 3525 930 3614 πρός
949 3553 981 3590 τε
1000 3530 1039 3590 τὰ
1058 3526 1140 3608 fland

103 3629 163 3709 Καὶ
176 3630 248 3718 opis
261 3633 286 3694 τ’
302 3629 416 3695 cidara:
441 3629 528 3717 prius
543 3630 615 3717 πρὸς
633 3641 784 3715 praeterea
797 3627 881 3692 deest
893 3626 926 3691 in
942 3625 985 3691 A.
1004 3639 1039 3690 et
1058 3626 1138 3692 Col·

103 3730 169 3817 Ieg.
194 3733 279 3797 Nov.
302 3746 336 3797 at
357 3733 497 3798 Vulcob.
523 3735 596 3819 πρὸς
617 3733 641 3794 τ’
664 3728 782 3812 vistim
807 3727 864 3808 Καὶ
886 3730 959 3816 πρὸς
978 3732 1017 3792 τὰ
1037 3729 1136 3808 flacci:

105 3854 202 3919 porro
222 3835 308 3900 redte
330 3835 477 3899 Stobaeus
497 3831 524 3908 ἶς’
540 3860 571 3896 τε
585 3836 610 3896 τ’
624 3829 730 3895 idaea.
765 3830 865 3897 Versu
880 3849 920 3897 2:
943 3830 1138 3911 Brunckius,

104 3935 286 4002 Hoathium
302 3939 440 4018 secutus,
454 3937 560 4024 expiet
574 3938 752 4002 mensuram
771 3936 827 4015 ita,
849 3933 907 4014 Ka)
922 3935 996 4021 πρὸς
1008 3937 1046 3997 τὰ
1059 3935 1140 4011 βατὰ

104 4038 197 4116 iti—1
228 4053 299 4103 tum
321 4060 380 4125 pro
401 4037 448 4119 nu)
466 4039 560 4103 ὁπόθεν
583 4040 673 4104 Stob.
692 4039 783 4102 Mez.
803 4035 947 4102 Brunck.
966 4037 1000 4120 χ’
1023 4033 1137 4114 ossen,

102 4139 202 4203 rotie.
243 4140 344 4205 Versu
365 4160 398 4225 3.
426 4140 609 4205 varietatem
637 4138 723 4204 vocis
750 4135 870 4224 ἐντυχὼν
898 4132 1078 4199 notavimus
1102 4132 1137 4200 in

103 4236 392 4310 finiende-tionibus
413 4242 580 4312 contextui
603 4240 774 4332 subjectisz
807 4239 927 4309 Stobui
949 4237 1073 4329 εὐτυχῶν
1091 4241 1139 4309 eti

596 4364 652 4425 1>4
