2684 4762
227 331 843 394 DEDISCERN.ADUL.ABAM100.
864 332 995 410 poce.
1065 342 1125 408 ⁵09

95 519 176 561 cates
188 521 224 560 oc
240 497 417 562 temerarios.
443 493 614 562 Coriolano
630 516 662 583 p.
675 494 748 562 218.
764 496 807 560 E:
830 492 862 559 in
877 494 1123 581 cognominibus

95 619 222 684 iugum,
242 597 316 672 ἕνίοις
336 598 362 659 ii
385 595 524 676 βασιλίσιν
542 597 564 683 ’i
583 594 746 678 σκώμματα
767 593 897 683 τταρίχεν
910 597 1111 674 ἓτικλήοεις,υί

93 699 243 785 Ἀντιγόνῳ
266 702 313 762 τόν
334 697 471 778 Δόυουννα,
496 699 517 784 οὲ
538 697 710 783 Πτολεμαίῳ
727 699 773 760 τὸν
795 692 948 784 Λᾶμυρονε
978 695 1030 761 sed
1052 718 1123 761 cor-

96 799 267 887 rigendum
277 801 417 886 Aiiopor,
432 822 505 865 cum
521 797 631 865 codice
647 797 835 865 Moscuenti.
859 799 1010 886 Compar.
1018 800 1121 866 Alcib.

95 915 130 966 et
146 902 265 967 Coriol.
281 924 314 989 p.
330 920 403 988 233.
420 903 463 966 D.
483 896 630 967 πολιτείαν
643 902 670 964 δὲ
683 904 731 979 τὴν
744 901 795 984 μὲν
811 898 977 965 ’mititte
991 906 1038 980 τὴν
1052 901 1127 986 ἄγαν

94 1009 234 1093 λαμυρὰν,
252 1007 274 1092 'it
292 1007 323 1069 τό
336 1009 375 1088 μὴ
392 1010 544 1092 καθαρεῦον
557 1001 720 1090 ἀναγωγίας
732 1002 748 1080 ἢ
767 1001 948 1088 βωμολοχίας
962 1007 988 1065 ἐν
1001 1009 1040 1088 τῷ
1054 1005 1127 1091 πρὸς

93 1108 181 1193 χάριν
196 1111 299 1188 ὁμιλεῖν
311 1109 367 1181 τοῖς
388 1110 521 1184 πολλοῖς,
536 1110 561 1170 ol
578 1103 708 1191 οόρρονες
728 1101 925 1168 ἔόδελότίοντοι
950 1104 1126 1185 CruicriuS,

96 1208 222 1273 citiores
249 1207 371 1272 nimium
396 1203 545 1271 blandas:
581 1204 756 1294 Xylauder,
781 1205 976 1271 dicacitatem.
1020 1206 1129 1273 Morio

95 1307 240 1373 oblatum
255 1326 350 1372 omen
369 1327 403 1393 p.
418 1307 493 1389 428.
509 1309 552 1372 A.
574 1306 628 1381 όνος
642 1305 829 1394 οτροοόλέιίιας
849 1313 889 1392 τῷ
909 1307 1013 1395 Μαρίῳ
1029 1321 1124 1390 λοιμο·

94 1409 138 1496 ρόν
155 1435 182 1473 τι
202 1408 249 1488 καὶ
264 1410 398 1494 γεγηθὸς,
417 1409 545 1487 intuens,
572 1404 666 1472 oculos
683 1407 710 1471 ei
723 1400 855 1495 injiciens
870 1407 1012 1474 blandum
1026 1411 1082 1474 etl
1111 1449 1126 1461 ·

36 1513 42 1521 ’
96 1525 170 1577 turn.
209 1512 333 1578 Caesure
354 1532 388 1597 p.
405 1526 478 1598 731.
497 1513 543 1577 B:
571 1511 706 1599 Καίσαρα
729 1517 770 1596 τῷ
790 1510 945 1599 τεχνῆματι
967 1518 1014 1589 τῆς
1033 1516 1126 1577 Κλεο-

95 1616 204 1703 πάτρας
216 1617 331 1696 ἆλῶναρ,
342 1619 470 1703 λαμυρᾶς
484 1613 620 1696 φανείσης,
631 1613 677 1694 καί
686 1621 733 1696 τῆς
748 1612 837 1691 όίλλης
851 1615 960 1696 ὁμιλίας
974 1617 995 1700 ’i
1009 1616 1127 1701 χάριτος

95 1717 173 1792 iiior
193 1713 345 1801 γενόμενος,
364 1715 467 1779 rursus
486 1712 652 1802 Xylunder
666 1714 781 1778 melius
800 1717 995 1801 protervitate
1010 1716 1126 1799 reddit,

96 1838 192 1901 quam
207 1814 371 1879 Cruieiius
384 1811 524 1902 lepidam.
568 1815 655 1902 Ergo
679 1813 866 1879 Plutarchus
882 1830 1051 1902 utramque
1066 1839 1126 1882 no·

97 1917 220 1983 tionem
243 1931 381 1983 veterem
405 1920 502 2001 ίταμόν
530 1920 577 1981 καὶ
603 1921 708 1997 ἀναιδῆ,
734 1933 767 1982 et
795 1940 909 1983 novam
936 1919 1064 2008 ἐπίχαριν
1093 1921 1127 1985 in

98 2041 195 2085 unam
216 2019 405 2108 conjunxit:
435 2033 473 2084 ut
494 2017 531 2084 stt
551 2019 748 2085 eontrarium
768 2032 804 2084 et
824 2019 990 2084 timiditatis
1009 2037 1042 2086 et
1066 2037 1127 2112 ρυ-

97 2120 177 2184 doris
191 2145 227 2184 ac
242 2118 395 2211 modestia,
411 2121 544 2188 omnino
554 2120 653 2210 grata'
670 2121 862 2210 protervitas,
876 2121 1003 2208 qualem
1020 2123 1129 2187 Hora·

96 2220 162 2285 tius
177 2220 210 2285 in
226 2219 365 2307 Glycera
379 2220 434 2286 suo
447 2219 568 2302 laudat,
584 2221 694 2286 Carni.
711 2222 738 2285 I.
754 2238 804 2308 19.
816 2238 849 2306 7.
872 2221 941 2286 Urit
948 2236 1043 2310 grata
1056 2238 1128 2311 pro·

98 2322 235 2401 teroitas,
251 2320 297 2385 Et
315 2320 413 2386 voltus
431 2321 554 2386 nimium
574 2319 705 2386 tutrtcus
726 2321 849 2410 adspici.
894 2320 993 2408 Apud
1015 2324 1127 2388 Xeno·

97 2424 255 2511 phontem
271 2424 417 2514 Sympos.
429 2425 524 2492 VIII.
538 2441 591 2508 24.
611 2426 757 2490 Socrates
772 2424 812 2490 de
826 2425 947 2490 Amore
962 2426 1126 2493 differens:

96 2531 120 2590 εί
144 2528 171 2590 δῖ
193 2528 385 2616 λαμυρώτερον
407 2525 496 2612 λίγα,
517 2530 557 2610 μὴ
580 2526 749 2610 θαυμάζετε·
770 2526 807 2612 fi
828 2537 926 2590 autem
950 2526 1072 2592 liberius
1095 2552 1132 2595 oc

85 2625 216 2714 solutius
242 2623 355 2716 loquor,
381 2627 483 2693 verbio
505 2625 668 2715 aliquanto
694 2625 917 2708 lascivioribus,
942 2649 980 2693 ac
1008 2629 1128 2711 minus,

96 2752 193 2818 quam
208 2754 266 2819 pro
279 2734 382 2798 nostra
393 2731 637 2812 consuetudine,
651 2731 759 2821 aliquo
773 2733 880 2799 decori
894 2735 1029 2801 obtentu
1043 2737 1128 2802 vela-

97 2831 160 2898 tis:
184 2831 272 2919 quod
286 2855 362 2903 mox
383 2833 448 2922 ipse
466 2834 597 2900 honesto
611 2835 706 2898 verbo
720 2836 955 2922 σαρρησιόζεθαρ
971 2835 1128 2923 interpre-

97 2944 195 2998 tatur.
232 2933 274 2998 Et
287 2934 379 3021 origo
394 2931 539 3007 vocabuli
554 2934 740 3021 corripiendi,
756 2934 919 3022 Iacqffeadi,
935 2959 954 3000 a
967 2938 1129 3024 primitivo

96 3033 170 3112 λίνα,
193 3032 287 3121 capio,
307 3055 382 3098 cum
402 3031 636 3122 fignificationis
661 3035 718 3097 usu
740 3035 907 3115 consentit,
931 3036 1016 3102 unde
1037 3036 1129 3119 talio,

96 3133 191 3213 λάτον,
212 3135 315 3215 trinio,
329 3134 459 3215 λατόζυν,
473 3134 629 3217 ἇλατυίζυις
652 3133 728 3199 hinc
742 3135 838 3224 λαρός,
858 3149 1002 3223 acceptus,
1011 3141 1129 3226 jucun·

96 3232 166 3314 dus,
186 3233 297 3323 Odyff.
311 3235 350 3301 B.
364 3254 441 3322 350.
463 3234 575 3301 eadem
590 3234 725 3316 ratione,
740 3259 804 3323 qua
823 3241 867 3303 Θ.
886 3240 957 3323 164.
979 3242 1129 3330 ἁρπάλευς,

96 3336 252 3426 expetitus,
275 3333 488 3424 desiderabilis,
503 3337 628 3424 suavis,
648 3351 686 3403 ut
713 3338 899 3405 Plutarchus
922 3343 1055 3428 exponit
1077 3345 1130 3412 De

97 3437 200 3504 Sunit.
223 3456 256 3524 p.
275 3440 347 3504 126.
362 3437 407 3504 D.
451 3437 532 3503 Indo
553 3437 632 3504 item
654 3439 780 3519 latina,
796 3439 898 3521 Lario,
915 3441 1045 3532 Lacrffa,
1061 3444 1128 3509 Lo-

96 3556 200 3624 quous,
216 3537 325 3619 illicio,
340 3558 478 3626 quomm
492 3538 525 3603 in
541 3538 725 3604 notionibus
739 3540 886 3629 princepe
900 3545 1036 3630 potestas
1052 3567 1129 3633 pro-

98 3639 222 3707 serendi
235 3642 277 3722 se,
292 3639 451 3728 capiendi,
465 3639 624 3707 alliciendi
638 3631 781 3728 apparet.

140 3745 193 3808 66.
210 3744 250 3809 C.
273 3743 402 3832 καθόιτερ
414 3743 736 3830 ξόΜμ-διαςρίφοπες]
759 3744 812 3810 Sic
825 3745 954 3813 Basilius
968 3749 1019 3813 M.
1030 3747 1129 3834 Epist.

95 3844 188 3920 XLI.
211 3844 250 3910 T.
268 3843 331 3912 III.
355 3866 389 3932 p.
403 3847 457 3911 60.
473 3844 523 3910 C:
557 3845 745 3933 Dionysium
769 3846 869 3912 nimio
890 3847 992 3913 studio
1013 3851 1131 3914 confu-

99 3941 190 4010 tandi
217 3945 345 4011 SabelIii
368 3945 400 4011 in
413 3946 621 4028 ,contrarium
645 3968 784 4014 errorem
808 3948 948 4015 incidisse
970 3973 1128 4038 arguens:

98 4043 182 4109 οίαθα
203 4053 269 4136 γοῦν
289 4046 442 4129 ἄτααᾶζειν
464 4053 558 4111 τοῦτον
584 4048 740 4135 φυτικόμιρ,
767 4055 859 4137 rcapti
879 4057 964 4132 φυτοῦ
989 4053 1131 4137 διατροφὴν
1225 4110 1231 4123 ,

97 4147 284 4228 ἇτευθόνοντι,
304 4143 365 4211 είτα
387 4148 507 4237 ἀμετρίᾳ
525 4154 572 4227 τῇς
590 4153 738 4229 brictric,
759 4151 936 4239 διαμαρτόντι
947 4159 996 4215 τοῦ
1013 4152 1129 4241 picci}

97 4250 171 4334 πρὸς
192 4251 224 4314 τό
245 4249 361 4314 ίναντίον
377 4250 556 4335 ἀπαγαγόντι
572 4254 604 4314 τό
619 4250 769 4335 βλόςημα.
806 4250 1013 4340 Comparatio
1033 4253 1133 4341 hujus
