2684 4762
261 331 316 392 DE
329 332 459 394 uncrA
472 333 676 394 AUDIENDI
691 332 881 394 RATIONE.
893 337 976 411 p.37.
987 330 1069 404 D,E.
1118 341 1178 408 309
1240 340 1245 351 ’

151 502 209 569 rus,
225 506 260 557 et
276 496 396 560 Heinfii
408 498 452 562 est
464 496 601 561 ablatus:
619 496 768 583 squidem
783 496 903 562 sadum
918 494 1041 561 videtur
1053 517 1072 562 e
1084 495 1175 560 Grae·

150 613 190 656 co
204 597 420 676 ixuoeldnlec‘ioq.

191 713 245 778 37.
262 698 305 760 D.
328 697 431 779 ἔπεθαρ
442 704 498 785 θεῷ
512 698 557 780 καὶ
570 699 711 764 addebas
724 698 815 785 λόγῳ]
841 697 923 763 Satis
942 698 1004 763 hoc
1023 697 1176 785 placitum

148 796 241 859 nobis
260 797 458 884 interpretati
482 802 543 865 esse
563 801 704 866 videmur
726 801 758 864 in
781 798 1109 865 Animadversionibus
1134 797 1177 864 ad

148 893 291 960 libellum
316 900 367 963 De
393 901 469 964 Sera
492 902 594 965 Num.
620 898 717 967 Vind.
744 922 778 987 p.
799 899 852 966 28.
876 897 1023 963 editionis
1051 899 1175 985 prioriS,

147 994 243 1082 hujus
257 1019 291 1082 p.
304 1012 378 1083 550.
394 1002 439 1065 D.

190 1113 232 1180 37
237 1144 244 1160 .
255 1100 300 1163 D.
322 1104 369 1178 τὴν
383 1106 419 1176 εἰς
432 1100 529 1188 ἄνδρας
541 1107 571 1166 ἐκ
583 1103 683 1166 nullut
695 1105 836 1189 dymin]
863 1104 945 1168 Haec
959 1102 1179 1172 dldlionesclo

148 1199 226 1285 quid
244 1202 392 1268 novitatis
406 1226 443 1268 ac
457 1205 640 1291 suspicionis
656 1207 735 1272 mihi
749 1207 871 1293 semper
883 1205 1001 1293 objecit
1009 1232 1019 1287 ;
1042 1219 1080 1272 ut
1093 1228 1177 1272 non·

148 1324 323 1388 numquam
337 1310 515 1394 προαγωγὴν,
530 1306 578 1370 vel
596 1312 740 1392 ἀλλαγὴν,
758 1308 806 1372 vel
826 1308 922 1372 fimile
938 1307 1014 1395 quid
1030 1308 1176 1373 substitu-

149 1424 201 1466 ere
226 1418 392 1471 tentarem.
437 1407 499 1471 Sed
522 1429 622 1493 quum
651 1429 762 1474 omnes
785 1431 854 1473 eam
878 1409 949 1474 libri
971 1410 1103 1489 servent,
1131 1408 1179 1476 nil

149 1505 339 1571 mutandum
359 1507 461 1573 duco:
491 1522 525 1573 et
545 1508 621 1575 licet
641 1533 705 1575 non
730 1509 870 1598 ejusdem
897 1512 1009 1576 sormae
1032 1511 1178 1597 exemplo

150 1606 241 1670 nobis
262 1607 372 1689 adfint,
396 1623 502 1674 tamen
526 1634 590 1676 non
610 1612 693 1676 deest
714 1612 794 1677 ratio
813 1627 847 1677 et
865 1611 1046 1692 smilitudo,
1060 1614 1177 1699 quibus

148 1730 219 1773 eam
233 1723 390 1776 tueamur.
413 1713 465 1779 Ac
480 1712 618 1799 primum
633 1714 752 1779 constat
765 1719 881 1799 ἀγωγὴν
893 1714 953 1778 esse
967 1714 1176 1794 educationem,

150 1807 306 1896 hujusque
321 1824 442 1895 partem
462 1811 571 1876 haberi
589 1835 673 1892 eam,
692 1837 753 1900 qua
772 1827 844 1900 puer
866 1815 909 1878 nd
928 1813 1046 1878 uirilem
1059 1827 1178 1878 aetatem

150 1912 278 1977 ducitur.
327 1915 476 2001 Cumque
499 1914 598 1980 didio
623 1914 692 1979 haec
719 1916 756 1979 srt
781 1913 965 2001 conjundio
989 1937 1028 1980 ex
1054 1914 1178 1980 duabus

151 2015 355 2102 fingubribuo
374 2015 578 2096 didionibus‚
597 2017 695 2080 altera
712 2024 727 2093 ἡ
746 2021 781 2090 εἰς
795 2015 892 2104 ἄνδρας
912 2020 1025 2102 ἀγωγὴ,
1038 2017 1178 2095 'alterni

151 2122 182 2180 ἐκ
203 2118 305 2181 παίδων
326 2120 446 2203 ἀγωγῆς
471 2118 662 2205 ungularum
677 2140 741 2182 non
756 2117 909 2182 diffimilia
929 2119 1048 2185 exstant
1068 2139 1177 2182 exem-

148 2220 212 2306 pla.
248 2224 333 2285 Nam
347 2229 363 2299 ἦ
377 2221 413 2296 εἷς
430 2249 457 2285 τι
478 2226 578 2307 ἀγωγὴ
594 2222 637 2286 est
656 2220 741 2306 apud
754 2218 976 2307 Thucydidem
992 2221 1036 2284 V.
1051 2219 1104 2304 85.
1123 2223 1178 2295 iric

148 2325 208 2397 τοὺς
227 2323 325 2408 ὀλίγως
344 2328 457 2409 ἀγωγὴ,
480 2323 608 2388 indubiio
631 2324 662 2387 in
680 2338 799 2411 paucos,
819 2345 920 2409 quum
944 2320 1036 2386 Melii
1054 2321 1178 2407 legatos
1274 2397 1276 2401 ἲ

148 2424 388 2489 Atheniensium
403 2448 467 2489 non
488 2426 520 2489 in
542 2425 742 2504 concionem,
757 2424 810 2489 sed
826 2422 866 2488 ad
880 2421 1092 2511 magistratus,
1107 2420 1176 2486 dic·

149 2540 238 2590 turos
252 2527 504 2592 introduxissent.
550 2526 681 2614 Propius
696 2525 792 2590 etiam
814 2524 938 2589 accedit
959 2522 1037 2587 illud
1055 2522 1177 2587 Aristo·

148 2628 219 2691 telis
239 2630 321 2714 Top.
338 2631 415 2696 Vll.
437 2648 477 2696 22
509 2637 524 2707 ἦ
544 2628 649 2715 γένεσις
671 2633 772 2715 ἀγωγὴ
789 2632 827 2703 εἰς
846 2627 950 2706 οὐσίαν,
970 2627 1122 2714 generatio
1140 2623 1181 2713 est

146 2730 298 2815 produsiio
311 2731 355 2794 ad
366 2732 428 2817 effe.
456 2733 499 2797 Et
513 2738 528 2808 ἡ
542 2736 572 2794 ἐκ
587 2731 688 2794 παίδων
699 2734 813 2814 ἀγωγὴ,
829 2728 961 2793 educatio
971 2726 1097 2817 puerilis
1110 2727 1179 2792 inde

148 2831 187 2893 ab
210 2831 292 2894 initio
309 2831 433 2918 puerilis
454 2833 565 2909 aetatis,
592 2834 634 2896 est
653 2830 737 2917 apud
761 2830 926 2917 Polybium
944 2831 971 2892 l.
993 2829 1045 2893 81.
1068 2831 1128 2895 Vl.
1145 2848 1177 2898 2.

149 2930 226 2994 edit.
242 2932 480 3016 Schweigbaus.
492 2935 532 2996 T.
544 2934 588 2996 ll.
605 2954 638 3016 p.
648 2935 728 3014 456:
752 2930 922 2994 Eusebium
938 2932 1038 3016 Praep.
1054 2932 1177 3018 Evang.

152 3034 195 3095 ll.
219 3053 251 3115 p.
269 3050 320 3116 74.
337 3033 382 3096 C:
405 3037 452 3110 τὴν
466 3035 565 3110 συνήθη
581 3032 626 3111 καὶ
644 3033 788 3119 σύντροφον
802 3036 832 3093 ἐκ
846 3030 946 3092 παίδων
959 3035 1074 3116 ἀγωγὴν
1086 3032 1177 3113 ripoi-

148 3159 233 3214 μενοι.
271 3136 453 3220 Utrumque
467 3134 530 3199 alio
542 3137 638 3199 verbo
657 3134 689 3197 in
713 3155 809 3198 unam
825 3133 998 3198 didionem
1012 3132 1178 3221 conjunxit

152 3236 339 3301 Plutarchus
355 3237 502 3323 Agesilao
523 3260 556 3324 p.
571 3239 645 3322 615.
660 3239 708 3301 E:
731 3235 865 3323 ἄνθρωποι
883 3236 1020 3321 παριόντες
1034 3241 1069 3312 εἰς
1081 3234 1177 3322 ἄνδρας

150 3344 180 3401 ἐκ
193 3339 293 3401 παίδων
306 3365 314 3401 :
338 3338 528 3424 eosdemque
548 3339 648 3404 altero
665 3351 792 3403 tantum
808 3337 938 3403 nomine
951 3337 1042 3418 dixit,
1056 3338 1177 3404 llreseo

149 3464 181 3527 p.
192 3462 222 3507 2.
237 3443 277 3504 E.
291 3443 352 3516 τοὺς
365 3439 578 3523 μταὸαἷνοπας
594 3445 623 3503 ἐκ
638 3440 749 3503 παίδων.

191 3568 243 3634 37.
261 3552 297 3612 E.
322 3548 408 3611 Μόνοι
422 3553 480 3636 γὰρ
495 3547 514 3611 ἃ
527 3551 566 3611 δεῖ
581 3548 722 3627 detinebar
735 3548 924 3636 patinas-J
949 3549 1001 3614 De
1016 3547 1077 3614 hoc
1091 3571 1175 3638 prae·

150 3663 245 3735 cepto
259 3650 370 3715 monui
385 3649 424 3713 ad
439 3671 472 3736 p.
484 3669 538 3736 33.
553 3652 592 3714 E.
881 3655 884 3659 ’

190 3766 244 3834 37.
262 3753 301 3814 E.
321 3750 398 3814 Ἐπεὶ
421 3753 448 3813 δὲ
469 3749 746 3840 ὦσπφ-πεςιῖῖἃησι
762 3752 888 3844 κόσμοι]
914 3753 1008 3818 Deest
1028 3753 1082 3818 sua
1103 3754 1174 3818 seu·-

149 3854 257 3916 tentiae
280 3856 421 3940 apodofis
448 3868 481 3920 et
508 3854 673 3920 absolutio.
720 3857 866 3942 Quoniam
891 3881 974 3938 vcro,
999 3858 1177 3946 prouti-stc

149 3954 377 4039 opportebat-.-
400 3978 474 4020 nam
495 3957 541 4018 uti
560 3969 594 4020 et
606 3957 655 4040 fic
674 3957 727 4020 fibi
748 3957 953 4042 respondent:
977 3958 1115 4045 quoniam
1130 3956 1176 4022 nil

150 4054 259 4130 habet,
275 4055 361 4139 quod
372 4055 404 4118 ei
422 4054 619 4141 respondeat.
653 4058 694 4119 Et
716 4069 821 4122 tamen
841 4058 885 4122 ita
905 4070 1068 4122 verterunt
1090 4056 1175 4121 Cru-

151 4155 246 4218 serius
261 4170 293 4218 et
306 4157 481 4241 Amyotus:
499 4156 662 4244 Xylander
674 4141 838 4244 aliquanto
849 4157 974 4238 melius,
986 4157 1041 4243 qui
1055 4157 1082 4219 δὲ
1097 4155 1177 4222 illud

149 4276 250 4341 aquo
272 4254 342 4319 lucc
361 4253 528 4323 difficultas
549 4256 661 4331 oritur,
682 4257 786 4322 omisit
803 4257 965 4323 vertendo.
999 4258 1098 4324 Nunc
1110 4256 1177 4347 ipsu

640 4377 695 4444 x3
