2684 4762
278 316 338 390 276
421 309 461 375 D.
473 315 526 383 W.
548 258 1073 383 summou1rirmrnasru
1095 313 1168 372 1111.

321 498 375 565 32.
390 477 434 542 A.
455 475 605 563 Ἀντίλοχε
619 475 790 564 opifico-ff
816 474 907 540 Iliad.
920 480 960 538 Ψ.
974 489 1051 560 570.

322 585 377 664 32.
390 579 430 642 Β.
452 583 577 656 Turius,
591 576 635 655 τίη
650 578 676 640 ii
689 576 781 662 ci-J
808 574 899 640 Iliad.
917 577 951 639 P.
968 591 1040 659 170.

323 702 377 768 32.
392 683 431 747 Β.
453 681 703 768 κακομαχούντων]
729 679 841 746 Rarius
855 679 986 744 verbum
1005 683 1194 764 κακομαχένν,
1208 688 1323 742 tamen

281 786 432 872 probum,
453 807 495 850 ne
515 784 598 849 forte
612 782 684 870 quis
699 780 898 869 frequentius
911 778 1179 866 κακομηχανέντων,
1191 779 1233 844 de
1252 762 1331 865 quo¹

282 887 376 972 supra
388 886 429 951 ad
450 908 483 973 p.
499 907 551 972 23.
566 888 611 953 D.
628 884 780 964 diximus,
796 883 979 949 substituere
993 880 1080 945 velit.
1114 882 1161 945 H.
1177 879 1321 966 Stepha-

282 1010 344 1053 nus
364 988 463 1055 Thes.
477 991 518 1055 1..
542 990 601 1054 Gr.
622 988 662 1052 T.
678 987 737 1051 Ν.
765 982 869 1050 indic.
892 1005 923 1070 p.
943 982 1126 1049 1120..duo
1147 983 1241 1068 ponit
1262 1005 1321 1047 ex·

276 1090 408 1176 turpia:
432 1091 570 1159 alterum
583 1090 730 1171 Luciani,
746 1090 779 1156 in
794 1087 994 1156 Demonadie
1006 1108 1062 1172 49.
1074 1088 1112 1151 T.
1130 1089 1174 1150 11.
1195 1106 1228 1171 p.
1240 1100 1321 1170 391.

281 1190 421 1258 alterum
435 1190 505 1281 jam
525 1195 568 1258 G.
584 1192 706 1257 Budaeo
726 1191 857 1257 Comm.
872 1193 931 1255 Gr.
947 1191 987 1254 L.
1009 1210 1044 1276 p.
1059 1189 1134 1274 830.
1157 1200 1327 1267 notatum,

284 1294 433 1383 Gregorii
447 1296 534 1361 Naz.
547 1295 638 1360 Orat.
654 1296 796 1359 XXXV.
811 1314 846 1380 p.
857 1308 933 1378 573.
945 1292 985 1355 B.

278 1470 281 1475 ,
326 1417 381 1483 32.
392 1399 431 1463 Β.
454 1399 500 1461 τὸν
514 1398 747 1484 Πάνδαρον-διὰ
759 1399 807 1474 τὴν
821 1395 1027 1481 ἀφροσύνην-ξι
1052 1391 1144 1457 Iliad.
1159 1398 1198 1455 Δ.
1217 1411 1293 1472 104.

326 1517 382 1584 32.
395 1500 435 1564 Β.
458 1498 590 1579 ipis-uim
614 1502 670 1571 τοῖς
693 1495 762 1562 οὕτω
786 1494 956 1581 λεγομένοις]
988 1491 1175 1580 Irfistcntem,
1203 1491 1236 1556 id
1265 1493 1325 1571 est,

278 1599 496 1679 attendentem,
516 1597 628 1663 talibus
644 1598 752 1662 diois:
775 1597 825 1662 vol
839 1592 1057 1662 subaudiendo
1075 1617 1114 1660 ex
1127 1592 1324 1660 anteceden-

285 1700 373 1765 tibus
389 1702 436 1764 τὸν
454 1698 520 1778 νέον,
535 1713 573 1764 ut
590 1699 639 1779 fit,
652 1710 798 1769 attentum
813 1698 857 1761 ad
870 1695 947 1761 talio
962 1696 1044 1761 diua
1059 1694 1211 1760 reddentes
1223 1694 1325 1779 juve·

285 1822 369 1865 nem.-
394 1801 513 1888 dequo
527 1801 585 1865 usu
599 1800 737 1867 diximus
754 1799 796 1865 ad
818 1822 852 1886 p.
868 1816 919 1884 17.
935 1802 971 1864 F.
1006 1796 1200 1884 Simpliciter
1212 1794 1325 1880 ἐφίημι

286 1902 331 1967 ost
352 1904 484 1983 attendo,
505 1903 725 1982 atrimadvcrto,
745 1901 831 1989 apud
850 1902 1058 1967 Plutarchum
1080 1901 1168 1987 Opp.
1182 1901 1269 1964 Mor.
1290 1921 1326 1986 p.

290 2023 363 2069 111.
378 2007 417 2070 E.
439 2004 516 2090 348.
532 2006 574 2069 A.
596 2023 672 2085 402.
686 2006 731 2069 A.
765 2003 854 2091 Sylla
866 2018 942 2089 453.
957 2004 999 2068 F:
1031 1999 1232 2066 Aristotelem
1256 2002 1326 2065 Eu·

287 2102 374 2170 dem.
391 2107 418 2170 1.
433 2125 465 2171 2.
499 2107 578 2191 Rep.
594 2106 672 2170 Vll.
694 2121 745 2190 17.
763 2118 797 2171 et
816 2103 905 2169 alios.
941 2101 1081 2170 Abunde
1102 2100 1327 2188 exemplorum

288 2205 446 2272 dederunt
467 2206 524 2272 viri
544 2205 712 2271 dostiffimi
738 2208 772 2273 P.
785 2203 1014 2293 Weiielingius
1034 2203 1077 2269 ad
1099 2202 1237 2270 Diodor.
1257 2203 1327 2271 sie.

287 2310 327 2375 T.
342 2313 386 2375 II.
401 2333 435 2396 p.
445 2326 526 2395 457:
549 2310 621 2375 Tib.
638 2309 890 2375 Hemsterhusius
903 2309 945 2375 ad
958 2309 1092 2376 Lucian.
1106 2311 1146 2374 T.
1160 2311 1186 2374 1.
1202 2330 1235 2394 p.
1250 2310 1326 2392 156.

279 2423 324 2476 .et
349 2410 421 2476 illos
444 2411 478 2475 in
501 2410 564 2476 hoc
584 2424 775 2499 argumento
796 2409 929 2477 laudans
950 2414 983 2478 J.
1002 2412 1061 2477 Ph.
1082 2409 1256 2476 Dorsillius
1284 2410 1330 2476 ad

291 2510 459 2576 Chariton.
481 2534 515 2599 p.
533 2511 605 2576 180.
628 2511 745 2599 quibus
766 2511 903 2577 addatur
925 2514 956 2578 J.
974 2514 1126 2599 Uptonus
1148 2510 1330 2576 1111110οΕ-

290 2609 403 2697 pidteti
424 2620 502 2675 voco
521 2611 674 2693 Ἐφνςάνω.
700 2610 807 2678 -Plena
824 2610 924 2678 didio
943 2612 986 2678 ost
1004 2612 1115 2695 ἔφῖςημν
1131 2615 1179 2691 τὴν
1197 2610 1330 2691 διάνοιαν,

286 2710 340 2777 uel
354 2715 400 2774 τὸν
414 2720 490 2776 νοῦνι
515 2733 610 2798 quam
627 2711 709 2777 infra
722 2713 932 2802 attingemus.

333 2832 389 2899 32.
404 2814 443 2877 Β.
465 2818 515 2898 Τῷ
529 2814 556 2877 u
569 2818 637 2899 γυνὴ
651 2813 819 2903 [ipsust]
846 2815 937 2881 Iliad.
953 2822 991 2881 Z.
1008 2818 1081 2884 160.

332 2935 387 3000 32.
405 2912 444 2980 C.
466 2914 528 2980 ‘Hi’
543 2916 600 2994 ἤτοι
614 2919 647 2980 τὸ
659 2918 775 3005 πρὶμ]
802 2917 1066 3007 0131111265..

281 3092 288 3105 .
333 3037 389 3104 32.
406 3018 447 3083 C.
469 3015 772 3107 Aiid5,oiAo'mor-]
801 3019 890 3087 iliad.
905 3028 950 3087 Π.
964 3041 1042 3104 422.
1147 3009 1149 3013 ¹

333 3139 388 3207 32.
405 3119 447 3184 C.
468 3122 579 3184 —dm’
595 3124 620 3184 iv
634 3123 712 3208 φρεσὶ
727 3121 804 3186 &isis
823 3121 933 3208 ἕκαςος]
960 3123 1050 3189 Iliad·
1063 3126 1108 3190 N.
1127 3144 1198 3192 121.

333 3242 388 3309 32.
402 3224 447 3288 D.
469 3222 673 3306 Τνμὸθινς-ὶν
694 3228 750 3299 τοῖς
772 3225 953 3313 nigrans-q
980 3226 1032 3292 De
1050 3227 1222 3294 'limothuo
1244 3220 1335 3294 dixi-⁴

291 3342 366 3391 mus
381 3324 474 3411 supra
492 3323 534 3389 ad
556 3346 589 3412 p.
605 3343 658 3394 22.
674 3329 718 3390 A.
754 3326 916 3393 Eumdam
937 3328 1047 3394 locum
1067 3330 1187 3417 spediat
1201 3329 1333 3397 Plutar-

291 3425 374 3490 chus
400 3425 453 3491 De
480 3427 620 3508 Fortuna
645 3429 738 3492 Rom.
761 3449 794 3515 p.
808 3448 885 3514 323.
903 3433 951 3495 E:
982 3432 1018 3505 οἷς
1039 3436 1152 3510 πολλὴν
1174 3430 1284 3515 rium
1310 3437 1335 3521 g

292 3524 415 3612 ἇνδςεῖαν
437 3526 504 3589 αἰδῶ
524 3553 555 3591 τε
579 3529 707 3612 συνεργὸν
730 3531 830 3616 iper&
856 3532 1016 3619 δοξυμέχυ,
1040 3531 1073 3608 ὥς
1095 3551 1158 3615 φησι
1181 3533 1336 3616 Τιμόθεος,

292 3624 334 3700 τίς
349 3627 385 3688 ἐκ
398 3623 432 3688 ἂν
447 3627 654 3711 ipsumam
678 3629 782 3715 Persas
795 3629 864 3717 ejus
879 3650 1058 3699 memorant
1070 3651 1104 3698 ot
1116 3634 1174 3709 ,alii
1187 3648 1220 3699 et
1237 3634 1334 3702 Plut-

292 3723 409 3789 archus
432 3723 465 3788 in
486 3724 723 3812 Philopoemene
746 3750 779 3815 p.
794 3749 869 3816 392.
884 3732 929 3796 D.
951 3748 985 3797 et
1005 3733 1038 3798 in
1052 3733 1164 3799 eadem
1186 3756 1221 3799 re
1244 3734 1334 3803 Pau-

169 3820 174 3833 '
293 3824 644 3892 saniasArcad.V111.
662 3844 717 3914 50.
739 3845 875 3918 uterque
889 3835 1012 3899 verium
1037 3835 1112 3900 hinc
1134 3834 1250 3916 citans,
1273 3840 1336 3924 qui

294 3924 420 3993 videtur
432 3923 465 3989 in
482 3924 638 4013 principio
653 3928 812 3993 Carminis
826 3931 926 4012 fuiise,
938 3935 1051 3999 Κλεινὸν
1065 3934 1220 4021 ἐλευθερίας
1232 3935 1338 4023 nixu

292 4026 386 4114 μέγαν
405 4028 528 4092 ‘Emis
548 4029 660 4111 κόσμον.
694 4029 766 4097 Nec
788 4045 896 4097 tamen
914 4033 986 4104 saris
1003 4049 1147 4123 apparet,
1163 4035 1255 4123 cujus
1268 4060 1335 4123 ge.

294 4128 378 4193 neris
393 4128 531 4195 Carmen
545 4128 656 4196 fuerit:
678 4129 788 4197 Nomas
803 4135 922 4198 censeri
934 4135 1041 4216 debet,
1057 4138 1078 4201 ii
1092 4161 1163 4204 vera
1174 4140 1217 4203 est
1231 4137 1337 4211 leutio

295 4231 472 4300 Aristotelis
492 4234 543 4302 oe
560 4232 688 4300 Poetica
703 4236 747 4301 11.
761 4236 880 4317 ‘maa
895 4239 1003 4328 sap
1023 4239 1074 4314 ..1.
1094 4237 1267 4328 rugans..
1281 4220 1339 4307 ...1
