2684 4762
302 348 320 364 ··
347 339 401 400 nu
421 337 648 400 auurnnurs
668 339 814 400 torris.
834 339 975 417 aaut.
1030 368 1032 372 -
1117 346 1192 405 an*

147 454 238 590 apud
264 502 422 569 loannem
450 503 688 570 Damascenum
722 502 754 567 in
792 502 952 568 Parallelis
989 503 1182 569 Florentinis

148 607 249 672 MSS.
270 606 462 694 Δνοᾶρνςον”
445 633 553 682 urrisu
547 606 728 686 ’ἄποιν’ὃονῖον,
742 606 871 695 καθάπερ
886 608 955 684 ὲξ’
932 614 1032 686 ονκνῶν,
1045 634 1085 671 τω
1062 615 1196 694 ῶ-νπςο

147 707 277 797 ανρίοεοον
293 711 383 771 καθ’
372 707 472 794 ημὲροιν
484 707 690 790 metallum.

194 809 307 895 3411.
330 809 497 895 ἐποφίςερος]
522 810 599 873 Non
618 820 746 894 poterat
766 807 815 872 uti
838 807 1005 887 vocabulo,
1025 807 1111 895 quod
1132 807 1183 872 di·

153 910 266 976 sertius
287 909 536 995 concinniusque
556 922 775 995 opponeretur
794 908 996 973 antecedenti
1012 909 1185 990 ἀμφιδέξιον

154 1034 241 1091 uam,
262 1023 301 1077 ut
320 1011 374 1075 hic
390 1022 526 1096 utraque
542 1033 641 1075 manu
661 1010 791 1079 dextere
812 1009 926 1088 utitur,
952 1010 997 1074 ita
1018 1010 1072 1074 ille
1094 1022 1184 1075 utras

152 1131 218 1198 que
240 1112 355 1177 linistre
375 1123 411 1177 et
433 1111 553 1196 inepte.
595 1111 628 1179 A
648 1111 868 1198 grammaticis
894 1110 1123 1197 reprehensum
1148 1124 1186 1174 ut

155 1213 262 1277 minus
278 1214 439 1292 Atticum,
461 1213 592 1300 ejusque
614 1213 687 1284 loeo
707 1212 1131 1291 commendandarum,
1144 1211 1186 1276 dc

156 1336 223 1405 quo
249 1316 343 1402 supra
367 1316 518 1394 diximus,
537 1315 735 1380 vindicatum
760 1316 803 1378 est
825 1337 845 1379 a
867 1313 1013 1379 Sallierio
1034 1315 1075 1384 ad
1092 1313 1202 1384 ,Tho--

156 1430 245 1481 mam
265 1418 360 1503 Mag.
376 1437 415 1502 p.
433 1433 506 1503 795.
522 1417 587 1501 seq.
610 1416 665 1480 cui
683 1415 820 1481 addatur
832 1416 1013 1481 Nunnesms
1028 1415 1069 1480 ad
1086 1415 1187 1502 Phry-

155 1516 244 1582 nichi
274 1517 389 1603 Eclog.
420 1539 460 1602 p.
481 1537 563 1581 110·
597 1516 769 1603 Berglerus
794 1516 836 1580 ad
859 1515 1080 1601 Aristophanis
1102 1517 1188 1587 Aves

159 1617 258 1701 1566:
283 1616 314 1682 J.
330 1616 460 1683 Albcrti
475 1616 516 1681 ad
533 1615 789 1703 HesychitnnT.
805 1616 832 1679 l.
855 1637 888 1701 p.
907 1634 1000 1700 1314.
1037 1615 1114 1680 Alia
1130 1638 1191 1687 no

158 1717 300 1784 tebimue
315 1716 406 1804 adp.
415 1720 491 1804 467.
509 1719 566 1782 C.

201 1838 255 1903 34.
270 1820 313 1883 A.
344 1817 496 1893 6161...
520 1819 639 1902 &ia-J
673 1817 749 1882 Sine
776 1818 914 1887 andiorie
941 1818 1071 1882 nominc
1094 1818 1191 1882 exstat

160 1920 248 2007 apud
266 1921 434 1986 Stobaeum
453 1922 556 1984 Serm.
570 1922 611 1986 V.
634 1942 667 2005 p.
659 1921 736 2004 ..63
756 1920 866 1985 unde
858 1941 891 1984 m
911 1909 1117 2006 Florilegium
1140 1941 1191 1983 re

163 2021 252 2108 cepit
276 2021 409 2089 Grotius
434 2044 466 2107 p.
483 2042 536 2107 35.
560 2036 594 2085 et
619 2022 650 2086 iu
674 2023 833 2107 Excerpta
858 2043 891 2108 p.
909 2024 985 2106 465.
1023 2021 1193 2107 Sophoclis

158 2122 224 2189 elle
247 2121 421 2208 suspicatur
440 2125 479 2186 L.
493 2124 535 2185 C.
551 2121 785 2187 Valckenarius
805 2122 847 2186 ad
868 2122 1029 2207 Euripidis
1047 2122 1193 2189 l’hoeuils.

162 2242 288 2312 p.·ao9.
310 2222 375 2309 seq.
413 2204 452 2287 lu
475 2222 636 2288 Plutarchi
656 2222 909 2308 reprehensione,
928 2221 1006 2305 φόθος
1029 2223 1201 2290 desiderari

161 2338 289 2412 putem,
311 2338 349 2389 ut
366 2323 422 2388 stt
455 2324 500 2406 aa)
519 2329 572 2407 μὴν
594 2327 702 2405 ’δαμῶς
724 2321 814 2407 paics,
836 2327 917 2388 ἀλλὰ
937 2324 1053 2412 Θάρσος
1072 2351 1101 2388 r.
1117 2331 1150 2389 θ.
1165 2350 1194 2390 τ.

161 2429 269 2506 ep..

206 2547 261 2614 34.
278 2529 321 2594 Α.
348 2534 404 2606 τοῖς
425 2530 479 2616 ἄορ
482 2555 523 2592 oct
548 2557 594 2610 κον
615 2530 762 2616 ἀχαςίςονς
780 2556 825 2609 xor
850 2529 968 2607 ἀνοήτοις
967 2529 1195 2616 ]Quamt¹1m

165 2629 316 2697 habeat’
301 2657 390 2718 αχορ.
386 2632 460 2709 ’,ςονς
482 2653 545 2695 non
562 2631 716 2694 continuo
730 2643 876 2716 apparet.
914 2629 1061 2705 Krcbsrus
1076 2630 1197 2696 intelli·

162 2730 216 2818 git
235 2732 366 2810 rudes,
356 2754 490 2819 ignaros,
511 2732 667 2796 literarum
687 2730 900 2817 elegantiorum
914 2741 1056 2817 expertes,
1077 2746 1197 2818 υῑχο·

163 2832 263 2920 prims
281 2832 332 2897 his
352 2834 495 2917 opposita
516 2834 646 2896 notione
665 2832 829 2896 dicuntur.
873 2832 972 2919 Quod
996 2856 1059 2896 non
1084 2836 1198 2919 probo,

166 2933 289 3019 quippe
303 2923 392 2996 nullo
408 2933 466 3006 usu
482 2933 655 3009 firmatum,
672 2933 728 3016 qui
742 2932 804 2996 hoc
824 2932 913 2996 seusu
933 2931 1041 3016 potius
1057 2935 1198 3018 require·

165 3050 217 3101 ret
232 3035 358 3117 ἀμέοος,
375 3035 458 3107 l'ortc
476 3046 511 3095 et
532 3032 672 3119 ἀχορίτνς
695 3033 803 3109 ferret,
822 3031 909 3117 quod
931 3032 1007 3095 huic
1027 3032 1099 3096 loco
1121 3035 1199 3097 all'e·

168 3136 306 3202 rendum
328 3134 451 3200 censuit
472 3133 665 3198 dodtillirnue
687 3134 719 3198 J.
736 3135 779 3197 G.
795 3131 1008 3197 Schneidcrus
1024 3133 1065 3196 ad
1078 3135 1200 3197 Deme-

171 3239 270 3305 trium
289 3236 515 3323 Phal.§.130=
539 3232 731 3298 vocabulum
747 3232 819 3297 saue
842 3232 980 3317 probum
1002 3233 1201 3314 animadver-

172 3341 242 3406 smn
267 3342 300 3406 P.
315 3336 525 3424 Wess'elingio
546 3335 589 3399 ad
608 3335 814 3401 Herodotum
833 3357 867 3427 p.
884 3335 937 3421 98.
953 3349 987 3400 et
1000 3351 1076 3421 577.
1093 3352 1202 3404 tamen

173 3443 301 3522 dubito,
326 3462 367 3504 au
387 3439 462 3503 huic
483 3438 554 3501 loco
575 3436 648 3503 satis
671 3436 848 3500 conveniat.
888 3437 992 3522 Igitur
1009 3439 1203 3513 retineamus

172 3545 352 3635 vulgatum,
376 3541 492 3627 inquo
512 3558 624 3602 omnes
644 3537 717 3601 libri
735 3537 949 3615 consentiunt,
972 3538 1203 3626 idqueiutellif

170 3667 287 3732 gamus
314 3641 461 3730 ingratos,
489 3639 540 3725 qui
564 3637 703 3724 benficia
729 3638 788 3700 Dct'
811 3661 863 3701 nec
883 3639 1128 3719 orrimodvcrlnnt
1154 3667 1206 3727 nef

171 3755 260 3830 grato
279 3740 377 3807 animo
400 3739 557 3826 accipiunt,
581 3738 688 3825 qnippe
709 3735 760 3824 qui
782 3735 867 3801 illius
890 3737 1046 3824 beneficma
1065 3753 1207 3807 naturane

168 3843 377 3931 prom-irlcfica
392 3841 512 3905 babuit.
542 3838 642 3924 ldquc
657 3837 808 3924 congruit
823 3839 856 3902 iu
872 3837 1109 3925 superstitiosos,
1126 3866 1206 3935 quoa

179 3944 368 4030 Plutarchus
389 3945 441 4009 De
462 3941 688 4028 superstitione
713 3961 747 4026 p.
766 3940 838 4025 167.
853 3941 897 4005 D.
919 3940 982 4005 hoc
1004 3945 1133 4007 nomine
1155 3967 1207 4025 re·

168 4045 365 4134 prehendit:
394 4046 521 4122 ὃοξάζοσν
543 4042 650 4129 φοθερόν
675 4044 706 4105 τὸ
728 4043 846 4124 εὐμενὲς,
866 4044 887 4129 a}
911 4046 1064 4130 raganaudi
1086 4047 1117 4108 τὸ
1141 4072 1207 4111 ora·
1229 4120 1232 4126 Ι

167 4151 279 4236 ,mlh
300 4149 321 4235 οὲ
338 4144 473 4232 βλοὲερόν
488 4147 519 4208 τὸ
536 4145 715 4227 κηδεμονικὸν,
732 4142 778 4223 κο)
793 4146 824 4206 τὸ
842 4146 969 4227 ἀμήνιτον
986 4142 1082 4230 ἄγριον
1103 4144 1167 4228 tim
1186 4177 1210 4236 ’b

178 4254 316 4336 θηριῶδες.
355 4251 477 4315 Seneca
496 4244 634 4336 Epistola
654 4244 813 4311 CXXIII.
828 4245 907 4309 line:
942 4242 1109 4333 Superstitio
1129 4273 1211 4315 error
