2684 4762
141 302 144 308 ·
222 305 284 360 πο
361 296 1011 384 n.w.suruspv.1urrurmcrrr
1033 297 1106 362 ru.

265 480 317 546 23.
332 463 377 526 D.
404 458 660 549 aanoppxatoio‘iuq]
690 464 884 530 probabilius
904 465 947 529 est
968 469 1045 529 κακαὶ
1064 458 1253 551 μηχανᾶθαι,

223 564 311 649 quod
333 565 389 628 soli
410 565 530 630 habent
543 567 589 630 D.
608 578 641 631 et
658 566 762 630 Molo.
779 586 810 633 2.
832 566 1057 647 acorrediore,
1076 580 1109 631 et
1130 567 1257 632 Reilkio

221 666 395 751 placuerat.
439 671 616 755 Receptum
639 667 787 733 necatio
814 668 959 754 exemplo
983 670 1014 733 se
1041 682 1161 747 tuetur,
1194 690 1255 733 neo

220 766 386 854 analogia3
410 768 561 854 fiquidem
584 792 643 833 nec
665 774 865 854 εὐμηχανᾶιθα(
879 783 935 832 aut
952 769 1049 833 simile
1070 768 1200 850 dicitur,
1220 783 1256 835 et

220 869 406 954 compofitio
429 894 493 934 non
519 871 572 935 nisr
595 872 865 958 praepositionibus
888 875 935 951 fit,
959 887 995 937 ut
1014 873 1045 938 in
1073 878 1254 959 διαμηχανᾶ-

220 974 288 1050 &ab
304 976 531 1056 ἓπιμηχανᾶθσᾼ,
546 987 580 1037 et
593 973 672 1036 aliis.
708 978 974 1058 Κακομηχανᾶθαμ,
997 996 1017 1037 a
1038 975 1204 1059 Stephano
1219 975 1255 1040 in

219 1072 313 1137 Thes.
330 1076 368 1137 L.
386 1076 444 1137 Gr.
459 1074 618 1153 omilium,
633 1074 742 1139 retulit
761 1076 805 1139 D.
821 1078 950 1140 Scottus
973 1075 1005 1139 in
1026 1076 1254 1162 Appendicem

219 1198 258 1240 ex
278 1176 340 1240 hoc
362 1177 444 1254 1000,
460 1162 556 1264 querri
579 1200 744 1264 perperam
767 1179 887 1244 notavit
909 1180 989 1244 libro
1004 1180 1041 1242 dc
1055 1179 1255 1242 Educatione.

220 1280 438 1365 Κακομῆχανος,
455 1280 664 1366 κακομηχανῖα,
681 1305 745 1346 non
767 1282 839 1346 sunt
852 1280 1059 1368 infrequentis
1073 1280 1170 1344 usus:
1196 1308 1254 1343 κα·

219 1383 397 1468 κομηχανέω,
411 1383 556 1448 omilium
572 1385 746 1470 Stephano,
761 1386 858 1448 exstat
870 1384 955 1470 apud
972 1383 1138 1471 Polybium
1152 1384 1254 1448 XIII.

222 1501 253 1548 1.
275 1499 463 1571 poteratque
484 1486 559 1550 fem·
577 1487 705 1572 quidem
720 1488 881 1567 hocloco,
901 1510 960 1552 nec
974 1502 1082 1550 tamen
1098 1485 1252 1565 conferri,

222 1584 340 1649 nedum
362 1587 502 1672 praeferri
525 1586 615 1651 alteri
637 1587 766 1653 ledioni
786 1594 862 1652 nasot
881 1592 1066 1675 μηχανᾶθυᾳ.
1111 1589 1148 1650 ln
1171 1596 1255 1652 con'·

220 1700 311 1751 textu
323 1701 357 1751 et
371 1687 481 1752 notula
495 1688 537 1751 est
551 1709 608 1773 per
621 1710 758 1754 errorem
773 1697 1016 1776 aauopnxuvitiiaq
1029 1711 1104 1755 cum
1119 1715 1149 1775 ᾳ.

266 1807 318 1871 23.
334 1791 372 1853 E.
403 1787 575 1875 Εἱμαρμίνον
596 1792 655 1877 γὰρ
675 1798 728 1854 τῶν
749 1793 896 1874 zanab]
929 1789 1109 1878 Εἰμαςμένων
1130 1789 1254 1854 habent

219 1886 292 1954 libri
324 1912 437 1954 omnes
464 1890 604 1975 exceptis
628 1882 765 1957 Vuldob.
792 1892 835 1955 G.
864 1905 898 1955 et
926 1893 1131 1956 Graeco-lat.
1157 1893 1253 1971 1624.

220 1990 379 2077 Euripidis
403 2013 441 2055 ex
462 1991 588 2078 (Edipo
612 1991 758 2056 feruntur
780 1991 813 2056 in
841 1992 1039 2078 Fragmentis
1062 1992 1192 2056 Barnes.
1218 2007 1256 2056 et

219 2094 382 2179 Musgrav.
399 2092 503 2158 nescio
525 2116 589 2179 qua
609 2092 809 2158 audioritate.
848 2093 977 2156 Exstant
990 2092 1040 2156 bis
1055 2091 1087 2155 in
1102 2092 1251 2158 Stobaeos

218 2194 372 2280 primum,
391 2196 493 2257 Serm.
508 2195 551 2257 V.
574 2215 607 2279 p.
622 2196 674 2277 63.
697 2193 753 2258 ubi
771 2192 976 2258 Menandreis
999 2192 1140 2279 subjecii
1164 2207 1254 2257 tam·

219 2317 315 2381 quam
339 2296 391 2379 ipsi
415 2292 618 2372 Menandrei,
639 2293 730 2379 positi
753 2295 882 2358 suntab
900 2296 931 2359 J.
953 2290 1079 2357 Clerico
1101 2292 1132 2356 ir.
1153 2293 1255 2381 hujus

220 2395 373 2480 Reliquiis
391 2416 424 2479 p.
440 2396 500 2459 206
510 2419 519 2474 3
543 2417 737 2480 quamquam
759 2396 889 2460 Grotius
911 2396 944 2459 in
964 2394 1133 2481 Florilegio
1147 2415 1183 2480 p.
1196 2410 1252 2479 35.

219 2508 258 2560 ut
272 2496 379 2558 Incerti
398 2495 554 2580 posuerat,
569 2508 603 2559 et
622 2496 710 2559 nullo
731 2496 808 2560 item
831 2497 967 2560 aridioris
989 2495 1099 2559 addito
1120 2496 1263 2561 nomine'

220 2596 409 2680 repetiverat
422 2595 603 2679 Apostolius
618 2597 762 2660 Proverb.
779 2598 824 2659 ll.
839 2618 870 2677 4.
907 2597 1000 2660 Alter
1019 2596 1138 2661 Stobaei
1159 2596 1255 2662 locus

220 2696 335 2781 Eclog.
360 2696 451 2782 Phys.
476 2696 556 2781 Cap.
572 2698 650 2760 VII.
672 2696 800 2760 omissus
815 2696 846 2760 in
867 2697 996 2761 Canteri
1010 2695 1149 2761 editione
1167 2718 1202 2783 p.
1219 2700 1253 2762 8.

219 2812 253 2862 at
267 2820 284 2862 e
300 2797 421 2883 scriptis
436 2797 599 2861 codicibus
612 2798 775 2883 suppletus
789 2820 807 2861 a
821 2798 935 2861 Grotio
950 2798 981 2860 iu
996 2799 1159 2884 Excerptis
1176 2799 1256 2863 Flo·

219 2898 332 2985 rilegio
349 2898 510 2987 praemiffis
524 2920 556 2984 p.
572 2917 590 2982 3
593 2911 625 2981 5.
650 2897 705 2963 ubi
722 2898 800 2963 item
817 2899 859 2962 est
873 2898 1002 2962 Incerti:
1025 2912 1058 2962 et
1071 2899 1254 2978 Herennio,

218 3002 359 3066 editione
376 3000 535 3065 uoviffima
548 3000 741 3085 Eclogarum
757 2999 876 3064 Stobaei
896 3023 929 3087 p.
948 3017 1019 3084 107.
1038 3001 1166 3086 praefixo
1182 3002 1252 3066 Eu·

218 3103 340 3191 ripidis,
356 3125 414 3166 nec
430 3115 536 3166 tamen
552 3101 716 3181 dramatis,
731 3103 871 3167 nomine.

263 3225 316 3291 23.
334 3207 372 3268 Ε.
393 3204 576 3288 ‘Helaira—j
597 3202 688 3290 Ἕςγ.
706 3204 758 3266 86.

262 3327 315 3393 23.
330 3309 365 3371 F.
388 3303 525 3382 lllulirsr’
540 3303 737 3388 οὐλομένην-ἦ
758 3300 847 3391 Ἔργ.
864 3317 937 3390 715.
966 3307 1116 3371 Imitatus
1131 3307 1174 3371 est
1189 3310 1252 3374 So·

218 3405 274 3476 lon
295 3431 346 3493 ap.
363 3408 454 3471 Stob.
470 3407 573 3470 Serm.
593 3407 652 3469 IX.
674 3426 707 3492 p.
725 3427 804 3491 103:
836 3414 923 3495 Δῶρα
944 3411 964 3470 δ’
983 3407 1094 3490 ἄφυκτα
1112 3416 1182 3474 θεῶν
1199 3409 1251 3495 γί-

218 3511 292 3598 γνετ’
306 3508 464 3570 ἀθανάτων.
499 3506 664 3592 Theognis
681 3522 752 3591 157.
776 3508 892 3583 Μήποτέ
910 3534 950 3570 τοι
971 3508 1066 3585 πενίην
1079 3510 1254 3597 θυμοφθόρον

218 3613 291 3698 ἀνδρὶ
307 3608 458 3696 χολωθεὶς,
478 3610 550 3684 Mat
571 3607 763 3693 ἂχρημοσῦνην
786 3608 916 3689 ἑλομένην
936 3611 1068 3696 πρόφερε.
1105 3611 1173 3682 Ζεὺς
1191 3611 1254 3697 γάρ

216 3741 260 3781 τοι
283 3715 317 3777 τὸ
337 3713 474 3775 τάλαντον
496 3709 625 3796 iunipiro
649 3709 754 3773 ἄλλοτε
775 3710 880 3788 ἄλλως,
899 3709 1024 3774 ”Aliam
1045 3711 1096 3793 μὲν
1115 3719 1252 3793 wamia,

219 3815 325 3882 ἔλλπι
346 3815 368 3876 δ’
392 3812 450 3873 utta
476 3809 559 3894 ἔχειν.
598 3808 688 3873 idem
707 3830 808 3874 1001:
829 3816 940 3874 -θεῶν
964 3815 985 3874 δ’
1007 3811 1158 3899 εἱμαρμένα
1179 3816 1256 3900 δῶρα

217 3924 282 3986 Οὔκ
304 3915 338 3981 ἂν
358 3914 460 4003 pullu
482 3915 577 3989 θνητὸς
598 3916 665 3999 ἀνὴρ
686 3912 839 4000 σςοφῦγοι.
878 3914 1007 3979 Plautus
1028 3915 1197 3981 Aulularia
1224 3919 1252 3982 l.

218 4039 328 4091 2.1o:
364 4018 484 4103 Pauper
499 4016 586 4099 sum:
604 4012 723 4098 fateor,
744 4014 863 4102 patior:
892 4017 971 4101 quod
991 4015 1036 4078 Di
1060 4017 1146 4097 dant,
1162 4017 1250 4103 fero.

219 4122 396 4191 Geminum
411 4119 476 4181 fere
491 4116 534 4180 est
553 4115 764 4180 Homericum
786 4115 876 4178 Iliad.
892 4122 928 4181 Γ.
945 4120 996 4202 65.
1015 4116 1101 4180 Οὔτοι
1115 4117 1253 4196 deleas(

219 4226 260 4299 ἃς)
279 4228 348 4286 θεῶν
369 4219 490 4307 ipsilles
510 4219 591 4304 δῶρα·
615 4217 697 4303 saepe
720 4240 738 4281 a
760 4216 890 4301 posteris
909 4218 1124 4284 celebratum:
1147 4218 1254 4284 iuliis
