2684 4762
163 284 224 337 ³⁸4
306 279 346 337 D.
358 277 410 336 W.
430 278 638 340 ANIMADV.
659 280 706 338 IN
727 279 963 340 PLUTARCHI
986 281 1076 341 LIB-

204 458 258 520 44.
276 439 315 503 C.
340 441 475 527 σ’ςνιώδης]
510 441 652 507 Auiculae
669 442 792 528 fimilis,
818 443 985 521 volaticus,
1011 440 1109 529 quasi
1136 440 1216 510 diets

162 540 340 620 ovicularis,
354 541 509 606 aviariae:
532 544 730 608 formationis
744 567 780 608 ac
796 543 1042 608 terminationis
1057 544 1215 631 frequen·

165 642 286 705 tiffimae
299 643 501 722 vocabulum,
517 645 590 708 usus
605 645 741 730 perrari:
766 645 911 709 omissum
926 643 959 708 in
983 645 1036 709 H.
1052 645 1216 732 stephtni

161 743 335 824 Thesauro,
353 745 536 829 suppletum
557 769 577 811 a
597 749 642 813 D.
656 749 770 816 Scotto
784 746 881 835 hujus
900 746 1002 810 unius
1024 747 1216 813 Plutarcbei

162 843 225 908 loci
239 845 413 910 mentione.

202 968 257 1028 44.
272 949 317 1012 D.
343 950 526 1028 πολυνιῑοήτον
549 952 616 1037 περὶ
638 949 687 1025 τώς
712 950 834 1037 hastas]
865 949 1029 1016 Similiter
1054 952 1159 1038 supra
1180 972 1213 1038 p.

159 1067 214 1131 40.
231 1050 270 1114 C.
284 1051 385 1128 πῖοήσις
399 1058 473 1133 μετὰ
484 1060 579 1139 χαρᾶς
596 1053 766 1139 &sapaudia
779 1055 844 1140 πρὸς
859 1052 975 1116 ἔπαινον.
1013 1056 1061 1118 Et
1075 1053 1213 1117 verbum

159 1155 283 1232 πῖοεῖθιη
304 1167 337 1216 et
355 1153 487 1217 nomina
505 1154 609 1232 mola,
622 1154 743 1232 πτόησις
765 1153 845 1240 saepe
866 1168 1052 1220 occurrunt
1065 1154 1104 1219 in
1122 1152 1212 1221 Plut-

160 1252 280 1317 archo:
309 1252 428 1318 habent
440 1254 646 1340 conjunbtam
667 1254 824 1341 originem
842 1267 876 1318 et
894 1254 1029 1318 affinem
1044 1253 1117 1320 vim
1134 1277 1212 1320 cum

159 1355 261 1418 verbis
275 1356 406 1434 πῖησσειν,
424 1356 571 1420 rideres:
596 1378 670 1420 nam
689 1369 728 1420 ut
746 1356 817 1421 haec
837 1369 952 1420 notant
971 1357 1212 1444 contramiscere,

158 1455 206 1519 ita
224 1460 348 1535 σῖιεῖθνη
368 1457 422 1534 est,
445 1458 592 1543 repentino
609 1456 701 1521 animi
719 1468 796 1521 motu
810 1457 924 1541 exfilire
946 1482 982 1520 ιισ
1007 1458 1211 1523 tumultuari.

158 1561 210 1623 De
226 1561 275 1623 his
291 1563 345 1624 suo
359 1561 491 1646 quodvis
505 1562 577 1627 loco
593 1562 625 1626 in
641 1562 844 1648 sequentibus
858 1561 1089 1628 traetabimus.
1126 1638 1136 1645 ..

199 1681 254 1742 44.
270 1663 313 1727 D.
336 1661 423 1739 Δι’κην
443 1664 494 1744 μὲν
515 1661 559 1727 οὖν
581 1664 738 1748 δικάζοντα]
765 1663 872 1728 Fluxit
885 1686 923 1727 ex
945 1665 1211 1749 proverbialibus

157 1760 370 1827 diiiionibus:
394 1763 504 1843 altera,
519 1766 597 1842 Μηδὲ
614 1764 687 1842 δι’κην
704 1765 826 1850 ὃνκώσης,
844 1765 913 1850 πρὶν
933 1762 968 1827 σῖν
986 1769 1099 1849 ἀμφοῖν
1119 1773 1214 1849 pibo

156 1865 276 1952 ἁκώσης,
290 1865 498 1952 Theognidea
515 1866 681 1946 sententia,
705 1888 802 1952 quam
824 1866 1027 1952 attingemus
1051 1889 1087 1952 p.
1110 1889 1209 1954 1034.

157 1967 206 2030 E:
230 1967 339 2046 altera,
363 1967 548 2053 pervulgata
569 1968 807 2052 comparatione
825 1967 945 2052 χάριτος
967 1980 1002 2031 et
1026 1969 1153 2056 ᾂθμκς,
1174 1972 1208 2037 iu

157 2089 222 2152 quo
245 2091 363 2155 genere
385 2069 427 2132 est
449 2067 641 2154 principium
668 2067 921 2132 Demosthenicae
949 2068 1129 2136 Orationis
1154 2073 1209 2137 De

159 2168 353 2234 Chersoneso
372 2191 404 2255 p.
420 2183 474 2252 35.
489 2169 535 2232 B:
554 2167 629 2232 'ota
652 2170 713 2249 μὲν,
732 2165 754 2231 ai
776 2167 865 2254 ἄνδρες
881 2170 1041 2248 Ἀθηναῖοι,
1063 2173 1131 2246 τοὺς
1155 2174 1208 2237 λη’-

157 2297 257 2355 γινσας
270 2270 393 2345 ἅπαντας
408 2276 433 2334 ὲν
448 2273 521 2352 ὑμῖν,
536 2271 605 2351 μήτε
623 2273 695 2356 πρὸς
714 2268 820 2354 ἔχθραν
832 2274 965 2350 aorosia,
978 2270 1071 2354 λᾶγον
1084 2274 1207 2355 μηδένα,

156 2373 225 2454 μήτε
248 2376 320 2460 πρὸς
342 2374 440 2460 χάριν.
478 2371 656 2456 Respicitur
671 2386 705 2434 et
720 2369 761 2434 ad
775 2370 924 2456 judicum
939 2369 1204 2458 jusjurandum:

158 2473 245 2557 quod
258 2475 301 2537 est
312 2476 341 2538 T
342 2473 485 2537 imocrat.
509 2494 541 2559 p.
556 2472 632 2554 481.
649 2471 689 2536 C.
712 2484 745 2537 et
767 2470 957 2557 significatur
980 2471 1014 2537 in
1038 2477 1208 2562 Leptinen

156 2577 274 2656 part·
292 2573 331 2637 C·

198 2695 252 2755 44.
264 2675 309 2737 D.
331 2675 384 2736 ἀπὸ
398 2674 520 2759 γνώμης]
548 2675 704 2739 Formulae
722 2674 818 2760 hujus
833 2676 896 2740 vim
911 2698 976 2740 non
992 2676 1123 2766 ubique
1138 2682 1205 2747 esse

156 2775 334 2863 expeditam
357 2798 393 2840 ac
416 2775 553 2862 planam,
569 2776 762 2841 riderelicet
777 2777 877 2842 velex
896 2780 942 2842 H.
957 2780 1126 2865 Stephani
1142 2807 1202 2850 ex·

154 2878 326 2965 plicatione
345 2877 439 2943 Thes.
454 2881 493 2942 L.
507 2881 565 2944 Gr.
579 2881 618 2944 T.
636 2881 663 2943 Ι.
685 2902 718 2965 p.
738 2881 830 2964 1837.
868 2881 1009 2945 Primum
1024 2884 1203 2954 videamus

155 2981 316 3046 Plutarchi
343 2981 616 3047 consuetudinem.
657 2983 748 3068 Reip.
772 2986 849 3046 Ger.
875 2984 970 3047 Praee.
995 3006 1028 3069 p.
1047 2989 1130 3072 798.
1147 2992 1200 3056 E:

152 3087 206 3147 ἇσὸ
230 3083 339 3168 γνώμης
357 3084 378 3169 ι]
400 3090 529 3169 λογισμῷ
549 3089 586 3146 τοὶ
608 3088 682 3148 κοινοὶ
700 3084 840 3170 πράσσειν
853 3085 1015 3170 ἀρξάμενος,
1031 3089 1157 3153 ratione
1171 3105 1202 3155 et

152 3186 267 3270 romilio
280 3184 323 3247 ad
340 3199 429 3271 remp.
447 3185 636 3248 trallensium
651 3184 819 3269 adgrcffits:
842 3200 1052 3269 opponuntur
1067 3189 1123 3269 iio,
1138 3194 1200 3278 qui

153 3301 273 3352 temere
284 3301 318 3351 et
331 3287 402 3351 casu
417 3286 479 3349 hoc
491 3286 623 3363 iaciunt,
639 3286 775 3349 causs'am
788 3286 953 3373 sequentes
968 3287 1058 3370 κρίσιν
1075 3291 1127 3371 κα]
1139 3295 1198 3357 λά.

151 3414 213 3470 γον,
232 3395 311 3453 ἀλλὰ
331 3394 369 3471 μι]
391 3390 478 3452 violat
497 3391 545 3452 ὑπὸ
568 3389 641 3466 δόξης
663 3395 747 3464 κενῆς.
784 3386 965 3452 Alexandro
988 3409 1022 3473 p.
1039 3392 1121 3475 687.
1140 3396 1195 3461 C:

151 3506 278 3556 narrato
294 3493 389 3578 regiae
404 3492 529 3556 Perficae
545 3489 691 3554 incendio
706 3511 763 3576 per
776 3489 961 3555 ebrietatem
976 3508 1193 3577 compotato-

150 3613 223 3656 rum
238 3592 334 3670 faeie,
351 3591 494 3677 subjicit:
518 3596 542 3653 oi
560 3593 610 3672 μὲν
629 3590 672 3654 οὖν
687 3590 756 3653 οὕτω
769 3599 860 3654 ταῦτα
874 3589 992 3674 possim
1006 3595 1107 3674 φασὶν,
1124 3603 1149 3660 oi
1164 3599 1195 3662 ii

148 3695 203 3756 ἀπὸ
223 3693 344 3777 γνώμης,
359 3692 414 3755 alii
429 3705 525 3754 autem
539 3692 640 3754 dicant
653 3691 837 3776 brosellam
857 3694 909 3776 effi
931 3690 1096 3759 ‹telihmto
1117 3722 1192 3763 con-

136 3796 221 3885 filio,
237 3796 350 3859 ratione
365 3795 546 3882 sejudicio:
569 3794 647 3858 ibid.
669 3817 701 3879 p.
717 3796 790 3880 693.
807 3796 847 3858 C.
865 3795 905 3857 de
922 3795 999 3858 Cliti
1014 3796 1122 3879 caede,
1137 3801 1190 3866 fa-

149 3900 200 3965 &a
214 3904 262 3963 οὐκ
277 3900 330 3962 ἀπὸ
344 3897 465 3982 γνώμης,
485 3901 564 3961 ἀλλὰ
583 3895 715 3982 δυςυχίᾳ,
734 3921 790 3960 non
808 3897 967 3961 deliberato
978 3898 1113 3983 judicio,
1125 3905 1193 3989 siis

149 4003 271 4089 odumso
286 3999 363 4085 cusu.
395 3999 468 4064 Alia
481 3997 636 4082 exempla,
653 3997 707 4061 ubi
721 3996 911 4084 adjeeiitum
924 3998 1065 4079 additur,
1081 4004 1190 4070 veluti

148 4105 202 4164 ἀπὸ
216 4101 323 4174 δικαίας
336 4099 456 4185 γνώμης,
472 4097 594 4162 adferre
608 4098 653 4162 nil
667 4097 794 4161 attinet.
832 4099 927 4164 Porro
943 4101 962 4163 sr
977 4099 1187 4171 animadver-

150 4215 268 4280 tamus,
290 4200 343 4264 hic
367 4202 420 4264 ἀπὸ
444 4199 553 4285 γνώμης
575 4196 808 4286 propemodum
831 4198 952 4287 opponi
973 4202 1186 4275 antecedenti
