2684 4762
149 373 190 426 34
228 363 436 425 ANIMADV.
447 363 498 425 IN
510 366 585 428 ΠΒ.
598 365 653 427 DE
664 364 840 427 nuncto.
854 365 1092 426 mononem.

149 522 230 612 Cup.
247 523 359 613 IX.'p.
374 526 405 592 6.
419 530 466 593 Bt
489 530 629 615 Μαρτυρεῖ
652 527 680 590 δι’
697 552 738 610 με
755 534 795 612 τῷ
814 526 891 613 λὸγφ
904 525 950 606 rui)
962 525 1110 614 Eri'ourssos
1122 526 1168 589 λέ.

148 649 218 710 γαν,
231 626 345 713 'quio'
363 625 490 710 duom
502 654 567 692 rur.
578 640 608 692 λ.
653 629 732 714 Cap.
744 629 837 693 XIV.
858 649 892 714 p.
910 646 960 691 ιο.
973 628 1026 692 A:
1044 626 1171 712 Ἔχωδὶ

149 728 279 815 ptimo
291 727 380 792 rrirooo
394 729 537 818 Εὐριπίδην
549 732 594 793 rio
607 732 688 811 σοφὸν
700 728 898 814 &cocytum
912 727 1035 814 λίγονῖα,
1053 735 1079 769 “
1091 731 1173 794 Aioi

143 834 178 867 ·“
192 829 329 913 λιγᾶηοιν
350 835 473 896 κ.τ.λ.“
516 831 598 918 Cap.
612 831 686 897 XV.
700 852 733 917 p.
749 849 800 894 11.
816 833 860 895 F=
882 828 1173 918 anrugriiirriroro

152 931 296 1018 Εὐριπίδης
317 931 386 997 oiror
406 933 506 1020 λέγων,
529 940 554 974 “
566 936 649 997 Ἀλλ’
668 933 709 1007 ist
729 934 758 1010 δή
776 958 817 1009 τις
834 931 920 1006 ἄλλός
936 959 966 995 κ.
974 958 1004 996 τ.
1015 934 1062 994 λ.”
1100 929 1172 996 Plu·

149 1033 289 1109 tarchjeoe
302 1035 432 1100 rationis
445 1049 479 1100 et
493 1034 651 1100 facilitatis
665 1033 809 1121 exempla
821 1033 1033 1120 unusquisque
1047 1053 1171 1120 germo-

150 1154 213 1199 nus
227 1133 307 1201 libor
318 1138 452 1223 prebet,
466 1157 526 1201 nec
539 1156 578 1200 ec
590 1157 676 1200 nunc
689 1156 849 1223 apponere
865 1132 992 1199 attinet.

555 1387 620 1454 PA
632 1388 694 1454 RS
729 1389 775 1454 ΙΙ.

488 1552 539 1617 Do
553 1553 628 1618 Stilo
642 1565 670 1617 et
689 1553 840 1620 Oratione.

196 1738 344 1806 Vidimus
361 1751 518 1827 quantum
539 1739 594 1806 hic
612 1739 739 1806 libellus
755 1740 789 1804 in
808 1740 902 1804 rebus
923 1737 992 1824 iptio
1013 1758 1034 1801 c
1056 1734 1177 1801 Plutar-

154 1841 236 1907 chea
255 1842 357 1907 forma
376 1854 410 1907 et
431 1840 623 1930 proprietate
643 1840 832 1906 abhorrente
856 1861 915 1904 nec
929 1839 1037 1904 minus
1050 1860 1126 1903 eum
1139 1839 1178 1902 ab

154 1941 266 2008 eedem
281 1943 313 2006 in
329 1942 396 2007 stilo
409 1957 443 2008 et
455 1943 599 2008 oratione
610 1941 778 2008 abhorrere
790 1938 978 2005 videbimus.
1019 1940 1062 2004 Et
1075 1959 1178 2023 quun·

154 2040 327 2128 doquidem
343 2041 427 2106 stilus
441 2055 475 2107 et
484 2041 587 2106 oratio
600 2040 724 2107 duabus
736 2039 877 2127 partibus
892 2036 1085 2116 continetur,
1098 2058 1179 2123 qun·

151 2160 228 2209 rum
243 2143 341 2208 altera
353 2142 480 2230 fingulio
493 2143 527 2208 in
541 2142 653 2223 verbio,
668 2143 766 2207 alteru
776 2141 810 2205 in
824 2161 936 2205 eorum
950 2137 1179 2202 constructione

154 2264 193 2308 nc
209 2258 278 2308 toto
292 2243 404 2307 habitu
415 2243 564 2323 comitur,
580 2243 781 2328 ipsorumque
795 2242 829 2304 in
843 2252 976 2326 utruque
988 2251 1078 2324 parte
1091 2236 1178 2303 loco·

156 2367 227 2408 rum
250 2345 446 2407 notationem
468 2343 500 2405 in
522 2342 850 2408 Animadverfionibus
871 2341 1068 2429 prodemuo3
1096 2362 1179 2407 nunc

155 2444 297 2510 univorsa
309 2463 426 2532 genera
440 2441 549 2531 paucis
563 2442 697 2508 breviter
707 2442 860 2531 exemplis
874 2441 1084 2528 defignemus.

580 2694 650 2762 CA
663 2698 697 2761 P.
731 2697 759 2761 1.

506 2868 556 2932 De
565 2867 700 2956 fingulr's
711 2866 830 2933 Verbis.
903 2960 910 2973 ⁹

201 3051 368 3118 Diversrtao
383 3051 546 3132 orationis,
561 3074 632 3140 quae
652 3053 735 3127 inter
756 3053 843 3118 hunc
865 3062 899 3116 et
916 3070 1089 3137 gementu
1107 3048 1180 3116 Plu·

31 3161 35 3170 '
156 3154 263 3220 'turchi
281 3153 377 3218 libros
397 3151 576 3234 intercedit,
592 3176 656 3218 non
674 3166 741 3218 tam
762 3154 795 3217 in
817 3150 946 3238 finguliu
958 3151 1072 3232 verbio,
1086 3172 1181 3239 quam

158 3257 193 3322 in
207 3278 318 3322 eorum
333 3255 561 3322 construuione
575 3276 612 3319 ac
625 3253 772 3319 difflonis
785 3253 897 3318 habitu
911 3251 1011 3338 pofita
1025 3253 1081 3316 est.
1102 3254 1182 3317 Sunt

159 3370 268 3422 tamen
288 3356 453 3442 complura
472 3355 505 3420 in
527 3355 590 3420 hoc
611 3354 719 3420 libello
739 3354 841 3432 verba,
856 3371 957 3438 eoquo
970 3350 1099 3430 rariora,
1112 3374 1181 3438 quae

159 3479 226 3520 non
248 3455 331 3541 apud
353 3455 557 3521 Plutarchum
579 3456 709 3520 exstant.
753 3453 849 3541 Quod
863 3453 935 3517 sane
953 3451 986 3515 in
1008 3464 1077 3515 tam
1091 3471 1183 3536 parvo

159 3555 268 3621 libello
280 3567 316 3619 et
337 3567 425 3618 tanta
443 3556 595 3621 librorum
611 3555 869 3621 Piutnrcbeorum
883 3550 1090 3616 multitudine
1104 3549 1182 3638 ejus-

160 3655 250 3722 modi
269 3656 311 3719 est
330 3671 368 3719 ut
387 3655 460 3719 inde
480 3654 637 3722 dubitatio
650 3657 689 3720 de
704 3655 831 3719 auctore
846 3653 951 3731 tutu,
972 3651 1027 3715 nist
1045 3642 1182 3728 muximi,

161 3772 247 3823 certe
261 3778 325 3821 non
341 3755 466 3820 minimi
479 3757 635 3820 momenti
648 3754 804 3821 censenda
818 3754 865 3818 fit.
898 3755 983 3818 Sunt
995 3765 1117 3833 autem,
1132 3749 1182 3816 niti

159 3860 247 3926 oculi
260 3881 313 3924 mc
326 3858 389 3922 mei
403 3857 557 3923 indicesve
571 3859 762 3935 fefellerunt,
777 3856 865 3922 haec:

156 4064 342 4154 ωυςοςομῐα.
365 4084 398 4149 p.
411 4084 461 4127 11.
477 4062 516 4128 C.
689 4060 886 4147 ἀνακωμῳὸίω.
908 4080 940 4145 p.
956 4079 1005 4124 10.
1022 4059 1064 4124 C.

160 4168 329 4248 ἀλύμαντος.
351 4187 384 4252 p.
396 4179 428 4249 5.
443 4167 482 4232 E.
691 4160 921 4251 &somniumne
943 4183 978 4246 p.
995 4181 1045 4226 10.
1058 4163 1102 4227 A.

160 4269 273 4350 ἀμισῆς.
294 4289 328 4354 p.
344 4286 394 4332 10.
408 4268 452 4335 A.
693 4264 841 4349 omniu.
863 4285 898 4352 p.
911 4281 963 4350 13.
977 4263 1023 4330 D.
