2684 4762
62 374 72 395 κ
146 318 208 370 810
285 308 1032 373 n.w.AN1MAnv.1NPLnTAncH1Lut

149 470 279 559 quidem
301 471 354 540 fibi
378 473 532 539 sententia
552 475 692 542 constat:
720 497 780 538 nec
800 485 909 538 tamen
930 482 1075 558 apparet,
1097 489 1185 556 quo·

150 571 248 638 modo
271 595 344 636 cum
365 574 573 638 antecedente
592 590 625 639 et
648 576 796 661 sequente
816 575 890 639 loco
913 595 993 639 nexa
1014 571 1062 649 fit,
1084 583 1121 634 et
1143 567 1185 632 ad

151 687 256 750 utram
272 674 384 740 harum
399 676 463 762 ipsa
476 677 669 760 potissimum
689 677 799 742 referri
812 678 938 741 debeat.
975 673 1029 739 Ad
1044 674 1183 758 sequen-

152 789 219 841 tem
242 777 350 847 reserri
372 777 502 864 nequit:
530 778 601 864 quis
622 779 707 844 enim
732 779 784 844 hic
808 778 904 842 suerit
926 799 1026 842 nexus
1039 777 1064 839 ?'
1084 772 1186 861 prouti

150 872 322 947 incivitate
342 900 406 946 eum
428 877 552 964 legibus,
572 879 617 945 ita
637 879 669 943 in
687 879 763 944 vita
778 878 954 966 irfiitutt'one
967 901 1032 941 eum
1049 873 1184 964 philoso-

146 975 223 1062 phia
237 976 370 1040 debemus
387 993 500 1042 mature
510 978 759 1064 familiaritatem
776 981 953 1044 contrahere.
990 976 1096 1065 Neque
1111 987 1185 1062 puto

150 1075 342 1164 iep'ucundttm
358 1079 412 1142 tibi
422 1081 494 1165 fore
508 1083 611 1144 audire
624 1083 661 1145 de
671 1083 761 1169 sensi:
777 1080 972 1144 audiendb.
1008 1081 1097 1164 Ergo
1111 1077 1184 1141 haec

152 1182 301 1268 posterior
314 1183 467 1248 sententia
480 1184 628 1260 continet
638 1183 765 1248 initium
780 1206 869 1248 novae
884 1181 981 1268 partia
995 1180 1028 1243 in
1043 1180 1103 1243 hac
1117 1177 1183 1241 dis·

152 1286 339 1372 putatione:
363 1299 396 1350 et
412 1287 498 1370 prior
515 1309 590 1351 cum
608 1286 816 1351 antecedente
837 1283 994 1350 neaenda
1010 1282 1053 1347 est
1070 1281 1183 1369 hujus·

152 1386 241 1451 modi
269 1387 335 1451 sere
363 1386 563 1473 intelligendi
587 1387 710 1452 ratione
727 1386 829 1462 -Yu,
852 1385 904 1472 qui
920 1385 1007 1472 skepe
1029 1381 1184 1468 audiesssi,

153 1488 252 1553 Deum
263 1490 351 1575 sequi
364 1490 439 1552 idem
454 1493 505 1575 ff
521 1513 556 1552 ac
571 1489 679 1553 rationi
698 1489 823 1567 obedire,
842 1493 941 1573 (eoque
954 1485 1102 1550 audiendo
1112 1486 1185 1571 jaer

153 1589 277 1676 aliquod
295 1591 482 1678 philosophice
501 1604 676 1677 praeceptum
697 1590 878 1679 cognovssi,)
903 1588 1066 1676 exstimare
1088 1587 1184 1665 debes,

154 1689 314 1778 stgreffiem
335 1717 351 1756 e
371 1693 499 1783 pueritia
524 1693 556 1758 in
575 1693 694 1758 virilem
717 1705 835 1757 artatae
857 1716 916 1757 nun
938 1693 990 1778 ff
1013 1691 1186 1776 imperantis

154 1791 352 1880 abjettionem,
364 1796 426 1879 fid
440 1794 694 1882 permutationem.
731 1794 812 1857 Nam
830 1794 929 1882 prouti
948 1791 1121 1855 incivitate
1140 1790 1185 1854 te·

151 1891 254 1979 gibus,
273 1895 317 1961 ita
342 1894 374 1959 in
394 1895 471 1961 vitae
492 1897 607 1960 ratione
627 1894 803 1981 irfiitueada
823 1894 977 1984 praeceptir
993 1892 1187 1982 philosophia

154 1995 324 2063 debemusa
343 1997 676 2085 teneris.edjiteseere-.
714 1997 872 2061 Particula
887 1998 966 2061 Ἐπεὶ
980 1997 1012 2060 in
1028 1993 1187 2083 principio

155 2095 320 2170 sententie
343 2098 440 2183 posita
460 2098 559 2166 varias
580 2098 677 2163 habet
698 2098 865 2184 potestates
883 2096 1025 2162 nondum
1041 2095 1115 2160 satis
1129 2117 1187 2160 ex·

155 2195 291 2285 plicitat,
315 2198 347 2271 in
371 2200 479 2286 primia
501 2199 586 2286 apud
611 2200 836 2266 Plutarchum:
869 2198 956 2287 quod
980 2211 1014 2262 et
1036 2197 1189 2283 Vigeriut

155 2296 189 2363 in
204 2298 285 2364 libro
302 2301 354 2367 De
371 2301 540 2369 Idiotismis
559 2323 592 2385 p.
608 2321 683 2386 392.
708 2301 748 2365 ad
768 2322 906 2386 cumque
926 2299 1187 2386 Hoogeveenius‚

156 2399 389 2482 animadvertit,
408 2416 441 2468 ct
461 2402 513 2466 hic
535 2403 631 2487 paulo
654 2403 782 2468 uberius
804 2402 956 2490 explicuit
975 2402 1007 2467 in
1028 2423 1127 2486 opere
1148 2400 1190 2465 de

159 2501 323 2567 Particulia
344 2525 377 2588 p.
394 2519 468 2588 395.
485 2502 549 2587 seq.
565 2518 597 2566 et
612 2503 802 2570 utiliffimam
817 2505 888 2568 sane
908 2505 1029 2567 Graecae
1049 2501 1188 2588 Lingute

156 2601 295 2667 studiosis
317 2625 446 2690 operam
470 2604 604 2682 navavit,
631 2605 792 2670 tamenin
816 2617 1007 2691 argumento
1033 2616 1099 2668 tam
1122 2604 1189 2668 late

156 2714 287 2786 patente
301 2705 420 2771 necesse
435 2705 508 2783 suit,
524 2720 561 2768 ut
580 2705 742 2770 hominem
758 2706 899 2792 quamvis
915 2707 1045 2771 dodum
1060 2729 1097 2770 ac
1111 2707 1188 2772 dili·

155 2818 286 2892 gentem
303 2805 406 2875 mnlta
420 2806 811 2875 etiumunimadvertenda
830 2809 1017 2894 effugerent.
1054 2810 1126 2872 Nos
1148 2807 1190 2874 de

156 2906 226 2970 aliis
243 2906 275 2971 in
298 2906 393 2991 hujus
414 2907 577 2992 particule:
601 2909 659 2973 usu
681 2907 855 2973 rationibus
881 2909 1090 2988 Plutarcheia‚
1112 2910 1188 2974 alibi

157 3009 289 3077 subinde
303 3010 460 3089 dicemtm,
476 3033 560 3076 nunc
575 3010 661 3094 quod
675 3008 715 3073 ad
738 3010 823 3074 hunc
844 3009 952 3074 locum
972 3009 1100 3089 attinet,
1115 3034 1186 3076 ver-

157 3112 256 3179 timus
283 3110 354 3177 carn
382 3112 486 3190 Nam:
518 3128 701 3196 poteramus
726 3111 823 3176 etiam
855 3112 1054 3197 Qteamquem,
1077 3113 1188 3199 Atqui,

159 3216 318 3294 Caeterum,
333 3238 370 3278 ac
386 3212 534 3278 similibus
548 3213 720 3292 vocabulis,
736 3236 792 3298 per
805 3236 878 3300 quae
899 3215 932 3278 in
955 3215 1110 3300 principio
1124 3240 1186 3302 po-

158 3314 214 3391 sita
233 3313 411 3401 progressus
434 3312 595 3377 sententiae
621 3313 662 3376 ed
684 3314 845 3399 sequentia
865 3314 1032 3399 expeditur
1053 3330 1087 3379 et
1110 3339 1188 3380 cum

157 3415 418 3479 antecedentibus
439 3415 585 3478 nettitur.
631 3416 676 3478 Et
697 3415 728 3478 in
751 3414 801 3478 his
819 3415 989 3501 usurpandi
1012 3416 1188 3482 rationibus

159 3516 254 3588 aliam
270 3515 331 3576 rim
347 3514 442 3579 habet
456 3515 533 3578 ’bnt-t
549 3516 587 3592 δὲ,
609 3513 660 3578 scd
678 3515 811 3579 alienam
831 3538 851 3579 a
871 3517 1024 3601 praesente
1042 3517 1126 3597 loce,
1147 3517 1188 3583 de

159 3637 222 3701 qua
243 3614 317 3677 alibi
339 3614 501 3678 dicemus:
525 3615 618 3678 aliam
634 3615 762 3702 simplex
775 3614 864 3694 Ἐπεὶ,
887 3630 924 3681 ut
944 3616 997 3680 hie
1012 3617 1189 3703 legendum

158 3716 218 3791 csse
233 3715 454 3781 existimamus.
492 3715 595 3801 Igitur
609 3717 648 3780 fic
663 3719 706 3781 est
719 3718 804 3803 Opp.
820 3719 906 3781 Mor.
921 3739 951 3802 p
966 3719 1018 3781 88.
1033 3720 1085 3782 A:
1109 3718 1191 3783 ’Etsi

159 3817 205 3897 ae)
216 3826 294 3881 τοῦτο
310 3825 355 3894 τῆς
372 3818 472 3892 κακίας
491 3817 552 3883 ibw'r
572 3823 625 3898 ἐςι,
646 3822 677 3883 τὸ
696 3821 756 3894 τοὺς
770 3821 886 3907 ὄχθςοὺς
905 3821 1059 3905 αἶχῦνεθαι
1076 3825 1192 3903 μᾶλλον

158 3916 174 3997 ἢ
192 3920 252 3994 τοὺς
272 3917 407 4000 estest,
431 3917 511 3981 Nan:
526 3930 553 3981 et
566 3920 618 3981 hoc
631 3921 704 3983 vitii
716 3920 869 4006 proprium
884 3920 932 4006 est,
947 3923 1075 3986 inimicos
1090 3924 1192 4007 mugit

156 4020 351 4087 verecundari
366 4044 452 4106 quam
467 4020 581 4084 anticos.
613 4043 646 4105 p.
663 4038 733 4104 147.
749 4025 798 4086 A:
822 4026 877 4086 lael
891 4033 942 4088 σοῦ
952 4050 984 4089 τε
998 4024 1044 4106 καὶ
1056 4030 1093 4089 τὰ
1108 4025 1191 4089 ἄλλα

158 4122 306 4202 θαυμάζει,
328 4118 374 4192 καὶ
394 4125 440 4195 τῆς
461 4121 607 4205 πυραμίδος
620 4125 667 4200 τὴν
680 4121 861 4209 μέτρησινη
884 4123 967 4188 Nem
981 4127 1013 4188 in
1032 4137 1060 4188 te
1084 4125 1189 4209 (The-

158 4216 235 4302 lete)
262 4244 325 4283 eum
347 4220 410 4285 alia
434 4220 572 4302 miratur,
597 4236 659 4287 tum
681 4224 881 4311 dinterss'onem,
896 4227 1072 4313 pyramidis.
1109 4247 1190 4309 421.
