2684 4762
174 316 178 323 ’
270 353 1039 432 aanamatunraruraarronn.p.a7.e.
1120 361 1176 413 soa

148 519 334 605 equestrem,
347 521 585 607 gymnasticam,
601 519 789 597 venaticam,
804 517 852 581 vel
872 517 913 580 ad
932 512 1176 602 philosophiam,

149 621 180 684 se
202 621 417 706 applicarent:
442 619 669 706 Areopagitica
692 621 731 682 T.
747 619 792 682 ΙΙ.
817 639 850 704 p.
869 635 940 697 124.
963 616 1041 681 edit.
1063 619 1176 702 Augez

149 726 265 791 tianae:
289 730 357 801 Τοὺς
378 729 404 789 δὲ
422 727 481 805 βίον
500 729 588 789 ἰκανὸν
607 723 783 805 aeae-apiatas,
801 722 870 807 περί
887 750 917 786 τε
939 726 1057 800 ἱππικὴν,
1076 720 1122 798 καὶ
1139 725 1177 784 aa

149 830 304 912 γυμνάσια,
325 827 370 908 κα)
383 833 420 892 τὰ
434 827 595 911 κυνηγέσια,
610 825 655 904 nai
673 831 720 903 τὴν
736 823 909 907 φιλοσοφίαν,
927 825 1091 906 ἠνάγκασαν
1116 825 1177 884 δια-

148 927 255 1013 τρίὸειι
284 934 391 1012 ὁρῶντες
413 934 443 992 ἐκ
466 929 568 992 τούτων
588 929 646 1000 τοὺς
670 928 720 1007 μὲν
742 925 912 1010 διαφέροντας
931 922 1106 1008 γιγνομέιιις,
1128 923 1177 996 τὸς

149 1032 175 1092 δὲ
190 1040 242 1092 τῶν
255 1031 370 1102 nasicae
384 1040 476 1093 κακῶν
491 1030 677 1114 &aegerrima

194 1132 333 1195 Pertinet
348 1130 459 1194 codem
478 1131 605 1195 Horatii
624 1129 748 1194 notatio
764 1151 891 1195 morum
912 1129 945 1193 in
961 1128 1084 1193 dirersis
1099 1141 1177 1192 teta·

149 1231 235 1295 tibus
249 1237 321 1295 Art.
341 1234 427 1295 Poet.
446 1234 525 1296 161:

234 1384 374 1447 imberbis
384 1383 521 1470 juvenis,
537 1385 655 1447 tandem
672 1380 782 1468 custode
796 1395 911 1464 remulo,

239 1485 359 1549 Gaudet
372 1486 450 1570 equis
464 1484 639 1570 canibusque
653 1495 680 1547 et
695 1485 788 1572 aprici
799 1484 938 1570 gramine
952 1481 1069 1572 campi:

237 1584 341 1647 Cereus
357 1585 387 1646 in
403 1585 508 1648 vilium
520 1583 620 1670 flecti,
636 1585 825 1647 monito-ribus
840 1586 935 1672 asper,
1037 1598 1040 1603 “

237 1672 362 1750 tliilium
379 1689 483 1750 tardus
496 1687 641 1775 provisor,
658 1687 801 1773 prodigus
816 1689 897 1765 caris,

235 1787 375 1853 Sublimis
390 1789 565 1874 cupidusque
581 1799 723 1850 clamata
738 1787 902 1875 relinquare
919 1789 1037 1876 pernix.

150 1940 279 2004 Horum
302 1952 441 2019 aetatem,
471 1954 508 2005 ut
531 1942 667 2005 feracem
694 1941 919 2027 cupiditatum,
946 1939 1180 2026 diligentiffirna

150 2040 314 2127 disciplina
333 2041 539 2106 coercendam
558 2042 629 2118 elle,
646 2041 786 2128 Lycurgi
801 2041 947 2126 exemplo
961 2040 1095 2104 ostendit
1110 2043 1178 2105 Xe-

150 2142 282 2227 nophon
305 2143 336 2207 in
363 2147 442 2228 Rep.
462 2142 778 2207 Lacedaemoniorum
803 2143 883 2227 Cap.
905 2143 965 2205 111.
988 2163 1021 2226 p.
1040 2142 1114 2224 678.
1130 2144 1177 2206 E:

148 2257 184 2308 et
203 2245 365 2331 Areopagi
387 2245 548 2331 quondam
568 2245 695 2331 vigente
714 2261 748 2309 et
770 2244 967 2308 instauranda
989 2245 1181 2309 auctoritate

150 2347 317 2408 confirmat
332 2346 482 2410 Isocrates
497 2347 529 2409 in
546 2346 773 2432 Areopagitica
792 2367 824 2431 p.
842 2366 859 2410 a
860 2366 914 2430 53.
935 2359 967 2409 et
981 2361 1053 2431 255.
1089 2349 1180 2411 Jam-

150 2445 276 2512 blichus
290 2437 512 2534 Vie'rythag.
529 2467 602 2515 202.
623 2449 739 2532 etseq.
763 2470 801 2510 ex
821 2448 1018 2525 Aristoxeno,
1039 2459 1077 2510 ut
1090 2446 1179 2511 vide-

150 2561 215 2612 tur.
251 2551 313 2612 Hae
334 2549 597 2635 philosophorum
615 2548 730 2613 scholae
745 2571 818 2613 vcro
832 2549 956 2612 virtutis
970 2549 1077 2614 fructu
1090 2571 1180 2613 care·

150 2648 248 2712 bant:
272 2649 320 2712 rel
342 2648 527 2713 docentium
546 2648 652 2734 culpa,
667 2648 722 2733 qui
743 2648 846 2733 magis
861 2648 1077 2733 Sophistarunr
1091 2669 1181 2712 more

151 2749 341 2836 eloquentiae
356 2750 483 2814 laudem
500 2751 765 2828 consettarentur,
786 2764 818 2814 et
835 2750 994 2815 orationes
1014 2750 1055 2814 ad
1077 2751 1180 2814 osten-

150 2851 317 2929 tationem,
342 2850 486 2929 ἐπιδείξεις,
507 2850 678 2928 adlenent,
702 2873 796 2935 quarn
821 2849 949 2935 proprio
972 2849 1181 2935 philosophia

151 2973 284 3015 munere
302 2949 342 3012 ad
363 2950 460 3013 animi
476 2972 665 3035 morumque
685 2949 942 3014 emendationem
957 2951 1180 3036 fungerentur,

151 3053 191 3115 ad
212 3052 307 3136 idque
329 3051 505 3115 orationem
529 3050 850 3136 disputationemque,
876 3052 959 3135 λόγον
981 3051 1031 3116 vel
1050 3052 1181 3132 διάλεξιν,

151 3153 324 3217 referrent:
348 3151 397 3214 vel
414 3150 613 3214 audientium
635 3150 723 3230 vitio,
738 3151 794 3236 qui
813 3150 916 3238 magis
935 3152 1094 3237 sapientiae
1109 3152 1180 3238 opi-

150 3253 291 3332 nionem,
308 3275 404 3337 quam
426 3251 619 3338 cognitionis
637 3252 820 3338 virtutisque
837 3255 1033 3339 progress'um
1056 3276 1180 3340 quaere·

149 3368 233 3420 rent.
278 3356 393 3441 Igitur,
415 3366 452 3418 ut
477 3355 605 3434 dicendi,
629 3356 729 3418 itaet
754 3355 897 3417 audiendi
922 3363 1001 3418 reela
1025 3356 1064 3441 4st
1090 3358 1181 3438 ratio,

150 3454 247 3542 vulgo
267 3455 322 3519 illa
343 3454 506 3541 neglectu
534 3476 628 3539 quam
652 3454 727 3518 huic
752 3453 832 3519 libro
854 3469 1081 3541 argumentum
1103 3458 1181 3522 fecit

153 3558 352 3623 Plutarchus.
389 3558 441 3621 De
457 3555 599 3641 sophistis
612 3555 666 3620 illa
681 3572 787 3636 aetate,
803 3579 876 3622 nam
893 3559 933 3622 de
945 3562 1105 3626 veteribus
1118 3565 1180 3628 So·

152 3660 245 3723 cratis
265 3658 439 3746 aequalibus
461 3658 514 3722 hic
536 3679 601 3723 non
623 3658 795 3746 loquimur,
818 3660 1126 3747 philosophantibus,
1147 3677 1181 3730 et

153 3759 193 3823 de
215 3761 406 3848 philosophis
429 3760 615 3847 sophisticen
640 3762 870 3842 factitantibus,
894 3764 1024 3851 legendi
1047 3767 1120 3831 sunt
1146 3767 1184 3831 in

154 3860 263 3945 primis
278 3863 478 3928 Philostratus
492 3876 526 3928 et
539 3864 714 3949 Eunapius,
736 3879 807 3928 tum
817 3865 1007 3931 Themistiua
1028 3868 1181 3960 Oratione

152 3961 246 4024 XXI.
274 3961 404 4027 XXIll.
433 3965 541 4028 XXV.
571 3966 712 4028 XXIX:
749 3967 964 4052 ac·Synes1us
997 3968 1029 4031 in
1060 3968 1179 4033 Dione.

151 4061 294 4127 Maxime
314 4078 422 4127 autem
444 4065 485 4128 ad
508 4065 595 4129 hune
619 4064 780 4130 Plutarchi
799 4065 916 4130 librum
939 4069 1181 4136 accommodate

150 4163 191 4228 de
209 4184 284 4226 vcro
306 4162 473 4230 auditionis
493 4166 691 4253 philosophae
710 4169 828 4247 anau,
849 4169 1002 4255 certisque
1021 4169 1091 4256 ejus
1111 4170 1181 4237 fru-

152 4265 221 4332 ctus
243 4264 348 4352 tignis,
371 4287 475 4352 operte
494 4267 638 4353 pretium
650 4281 683 4334 et
701 4267 807 4356 legere
821 4283 856 4334 et
874 4269 1015 4356 relegere
1035 4273 1180 4361 egregiae

203 4388 288 4432 vor..
304 4388 363 4450 rr.¹
693 4391 716 4441 x
