2684 4762
282 317 336 376 DE
350 318 482 379 nacta
495 319 700 383 AUDlENDI
714 320 906 382 RATIONE.
917 327 1003 400 pte.
1014 318 1049 382 C.
1117 328 1189 383 ³411

157 477 237 564 xvii,
262 480 369 566 galafi,
392 494 428 547 et
449 482 612 571 proprium
637 482 671 548 in
684 482 755 556 ,hac
778 505 824 564 re,
850 498 885 549 et
910 483 1192 550 accommodatum

162 580 239 643 huic
262 580 352 648 loco:
380 585 473 672 cujus
496 585 541 650 rei
561 586 664 650 cautla
683 599 888 673 comparetur
908 587 1029 652 fuitum
1050 586 1192 675 Lycurgi

163 677 196 742 in
212 679 338 747 duobus
351 686 484 750 mnibus
498 687 585 772 Opp.
601 689 687 752 Mor.
704 709 736 774 p.
745 707 778 772 3.
789 689 833 752 A.
858 705 931 772 225.
944 690 980 754 1⁴¹.
1009 686 1193 752 Similitudo

163 779 260 846 dueta
274 784 398 850 videtur
411 809 430 850 a
444 787 533 852 fonte
551 788 713 854 Platonico
729 789 811 875 Rep.
824 790 903 854 Vll.
918 811 952 876 p.
963 808 1039 875 490.
1055 790 1104 853 D:
1122 793 1194 853 -οἶ

160 884 349 970 μειρακίσκοι,
371 886 438 951 ὅταν
455 891 488 951 τὸ
510 896 623 976 πρῶτον
645 889 736 975 λόγων
758 890 903 975 γοόωντας,
926 893 962 964 ὥς
982 893 1086 976 warini
1102 894 1194 964 αὐτοῖς

161 993 373 1071 καταχρῶνται,
396 986 438 1050 oiri
461 992 497 1062 οἷς
518 988 681 1073 ἀντιλογίαν
700 989 850 1076 χρώμενοι·
883 990 932 1053 καὶ
952 989 1110 1071 μιμούμενοι
1131 991 1215 1064 τοὺς·

156 1084 374 1171 ἐξελέγχοντας,
389 1088 467 1152 αὐτοὶ
486 1087 578 1164 ἄλλοις
597 1088 752 1175 ἕλε’γχιισι,
771 1088 918 1176 χαίροντες
937 1086 1029 1176 ὅστις
1050 1089 1195 1153 σκυλάκιον

159 1191 201 1269 τῷ
215 1183 301 1251 ἕλκον
316 1189 362 1251 καὶ
378 1188 536 1276 στοιρᾶτίιιν
549 1196 590 1276 τῷ
607 1190 685 1278 λόγῳ
699 1192 760 1265 τοὺς
771 1191 887 1270 τλησίνν
900 1189 952 1254 aiei·
974 1189 1015 1255 de
1029 1211 1095 1277 quo
1109 1188 1193 1254 dlxi·

148 1307 234 1354 ,mus
248 1288 289 1353 ad
303 1289 422 1355 libnrm
443 1291 496 1356 De
516 1294 593 1357 Sera
609 1293 715 1357 Num.
728 1291 829 1360 Vind.
844 1313 878 1378 p.
892 1312 944 1357 11.
978 1293 1034 1357 Ab
1053 1292 1118 1358 hoc
1135 1315 1192 1357 ex-

160 1390 271 1476 emplo
289 1392 421 1459 ausam
439 1393 613 1481 imaginem
636 1395 816 1460 immutavit
834 1408 871 1459 et
885 1394 1090 1480 amplificavit
1110 1394 1193 1459 Hie·

161 1514 327 1580 ronymus.
370 1497 495 1561 Partem
515 1496 663 1584 imaginis
684 1496 796 1584 attigit
819 1497 973 1562 Horatius
997 1497 1095 1582 Epist.
1116 1497 1144 1562 1.
1161 1516 1192 1564 a.

159 1594 182 1656 6
181 1609 223 1678 5:
248 1596 401 1663 venaticas
422 1622 459 1662 aa·
478 1623 534 1684 quo
557 1599 695 1685 Tempore
714 1598 874 1662 mainan
883 1597 992 1686 pellem
1011 1597 1143 1662 latravit
1162 1599 1196 1663 ὶνι

159 1695 248 1774 aula,
264 1697 389 1763 Militat
410 1700 442 1764 in
453 1699 555 1786 Jy'lvis
575 1700 703 1764 catulus.
740 1701 959 1788 Hieronymus
973 1700 1026 1764 lric
1045 1701 1088 1765 est
1104 1701 1194 1767 Rho·

149 1795 245 1875 dius,
263 1799 502 1884 Peripateticus,
523 1801 638 1886 suppar
657 1811 751 1864 atate
772 1799 965 1886 Hieronymi
983 1799 1133 1865 Cardiani
1145 1801 1194 1865 ci·

160 1896 209 1960 sis
224 1911 258 1961 et
279 1899 441 1965 familiaris
462 1900 612 1978 Eumeni,
635 1901 794 2007 scriptoris
815 1898 855 1964 de
874 1900 1096 1964 succefforibus
1114 1902 1194 1966 Ale-

163 2000 274 2063 xandri
289 2001 417 2088 Magni,
432 2002 513 2087 saepe
526 2024 602 2067 cum
624 1999 688 2066 hoc
703 2000 864 2079 mutusne,
883 1999 997 2065 clarior
1015 2013 1122 2064 tamen
1136 2023 1195 2066 eo-

162 2101 239 2165 dem
260 2101 370 2167 multis
395 2103 427 2166 in
450 2101 538 2167 omni
563 2101 706 2167 dothina
728 2099 852 2187 scriptis
867 2112 900 2164 et
919 2099 961 2164 ad
982 2101 1196 2186 posteritatem

163 2202 334 2268 celebratis
357 2203 456 2269 libris.
500 2204 663 2292 Ejusdem,
685 2204 795 2269 velex
819 2203 934 2268 eodem
957 2204 1004 2268 vel
1027 2226 1066 2268 ex
1089 2203 1197 2268 similis

150 2292 345 2391 ›arguuienti
366 2306 447 2371 libro
470 2306 579 2371 locum
600 2304 634 2370 in
654 2304 882 2392 supplementis
896 2304 1074 2369 Stobaeanis
1093 2305 1195 2369 sema·

146 2433 151 2461 1
164 2419 235 2471 tum
257 2407 468 2494 prodidimus,
492 2407 526 2474 in
544 2405 876 2472 Animadversionibus
896 2404 938 2470 ad
957 2403 1104 2470 libellum
1127 2403 1197 2492 origi

161 2509 273 2572 παίδων
287 2515 413 2595 ἀγωγῆς.
465 2560 467 2564 -
1071 2535 1073 2538 ⁴

204 2616 259 2694 48.
277 2614 317 2678 C.
339 2618 384 2704 Oti
404 2618 463 2702 γὰρ
481 2614 517 2688 οίς
537 2617 653 2698 ἄγγιῖον
673 2618 686 2676 l
705 2618 763 2688 νοῦς
777 2610 1007 2699 ἆτοτληςοίσιονς,
1029 2610 1096 2672 ἀλλ’
1110 2612 1196 2672 tiata-⁸

164 2715 318 2798 sarigas&
328 2716 408 2799 pirna
422 2716 514 2803 ὅστις
531 2714 582 2793 ὅλη
600 2718 694 2796 iriam,
711 2719 794 2802 ὁρμὴν
811 2717 980 2796 ίμτοιοῦντος
1000 2714 1135 2799 εὑρετικὴν
1151 2707 1201 2779 καί

161 2815 248 2902 ripato
262 2820 303 2880 ἐπὶ
317 2823 365 2903 τῂν
376 2819 534 2901 ἀλήθειαν]
562 2816 724 2882 Platonica
738 2817 822 2895 sunt,
837 2814 990 2902 fiquidem
1004 2813 1129 2878 animus
1144 2835 1197 2877 re·

164 2938 235 2979 rum
255 2916 429 2981 involutam
443 2916 662 3004 cognitionem
677 2915 710 2979 in
726 2916 757 2980 se
771 2915 887 2995 habet3
911 2914 1011 3001 igitur
1023 2913 1099 2977 valis
1111 2912 1196 2978 timi·

151 3016 268 3100 vlitudo
284 3040 349 3081 non
365 3018 484 3082 latisin
503 3040 579 3081 eum
594 3016 754 3095 convenit,
772 3015 883 3103 judice
897 3037 1026 3101 quoque
1041 3014 1198 3080 Cicerone

163 3120 258 3183 Tusa.
279 3122 305 3182 l.
326 3135 385 3205 25:
414 3120 650 3208 -capacitatem
671 3118 807 3205 aliquam
821 3118 854 3182 in
868 3117 966 3180 animo
980 3127 1118 3202 putamus
1132 3116 1199 3201 effe,
1225 3172 1229 3181 .

161 3246 220 3309 qao
239 3233 392 3309 tamquam
413 3222 445 3285 in
466 3221 592 3310 aliquod
610 3244 669 3286 vas
687 3244 724 3284 ea
744 3244 814 3308 quaa
830 3217 1011 3283 meminimus
1029 3217 1198 3303 offundan-

166 3326 244 3390 tur?
265 3325 440 3411 Alpirdam
456 3324 491 3386 id
503 3323 642 3411 quidem:
666 3322 717 3411 qui
735 3323 812 3387 enim
822 3320 957 3407 fundas,
973 3331 1027 3382 aut
1045 3344 1114 3408 quea
1127 3319 1200 3384 talis

166 3428 259 3490 ανιὶιινὶ
271 3426 387 3513 figura
409 3424 539 3512 intelligi
559 3424 674 3512 potiss?
700 3435 755 3488 αντ
776 3448 845 3511 quae
866 3434 952 3486 tanta
973 3423 1086 3486 οιιινιὶνιο
1108 3435 1199 3510 capa·

165 3531 251 3594 citas.
289 3527 353 3593 Sed
369 3531 442 3593 sunt
462 3528 539 3592 item
558 3527 678 3606 Stoica,
697 3510 850 3613 liquidem
870 3523 1041 3589 animusin
1057 3524 1201 3591 sehabet

164 3632 312 3719 προλήψεις
325 3645 360 3695 et
375 3630 482 3709 ἔννοιας,
498 3630 649 3693 inchoatas
665 3626 888 3714 intelligentias,
905 3625 1020 3713 qulbus
1035 3626 1200 3722 explicatis

167 3733 384 3818 illustratisque
398 3730 594 3817 pervenitad
608 3727 805 3816 sapientiam,
824 3729 905 3817 Leg.
923 3729 950 3791 Ι.
966 3749 998 3814 9.
1012 3748 1061 3792 ιο.
1079 3730 1129 3793 16.
1145 3747 1199 3796 22.
1280 3741 1287 3755 '

169 3835 238 3898 Fin.
253 3836 295 3899 V.
311 3853 364 3901 21.
403 3832 506 3919 Igitur
527 3832 624 3897 etiarn
649 3832 693 3898 in.
706 3829 899 3897 divinatione
924 3853 989 3894 non
1013 3830 1066 3893 nisr
1088 3830 1201 3895 fomite

168 3957 250 4021 opus
275 3936 383 4013 habet,
411 3934 475 4021 ipse
494 3933 564 4022 jam
585 3933 732 3997 adferens
756 3930 922 3997 materiam
946 3930 1014 4017 igni
1039 3929 1201 3996 idoneam.

171 4032 332 4099 Plutarchi
351 4035 416 4098 huc
431 4034 513 4097 valet
531 4032 703 4118 disputatio
725 4031 777 4095 De
797 4032 892 4095 Orac.
915 4029 1055 4094 Dereou
1076 4049 1110 4113 p.
1124 4029 1201 4112 438.
1284 4038 1290 4047 “

170 4136 200 4201 C
215 4160 223 4198 ε
247 4133 308 4198 οὗτι
322 4137 381 4220 γὰρ
394 4132 519 4211 πάντας,
534 4131 594 4195 οὔτι
607 4132 668 4205 τοὺς
682 4131 778 4205 αὐτοὺς
791 4131 833 4194 aiil
847 4129 1000 4206 διατίθησιν
1022 4134 1036 4204 ἣ
1051 4137 1099 4192 τοῦ
1112 4129 1201 4192 οτνειί·

162 4263 258 4323 ματος
272 4236 394 4319 δύναμις,
408 4238 475 4302 ἀλλ’
491 4235 657 4320 ὑπέκκαυμα
670 4232 794 4321 παρέχοι
804 4234 855 4300 καὶ
868 4235 971 4319 ἀρχὴν,
982 4228 1074 4319 ὥσπερ
1088 4229 1201 4322 tim,
