2684 4762
232 341 295 400 466
378 342 417 400 D.
429 341 482 401 W.
501 340 710 401 ANIMADV.
731 342 779 401 IN
800 339 1032 403 PLUTARCHI
1054 341 1145 401 LIB.

236 525 325 567 voce.
370 506 483 590 ltaque
504 519 685 591 opportune
699 505 878 583 numanus
899 504 932 570 in
946 502 1097 569 'Notulis
1123 503 1234 568 MSS.
1257 501 1294 566 ad

237 604 324 668 hunc
346 605 454 670 locum
471 609 665 694 comparavit
678 607 759 672 illud
775 608 878 672 Plauti
892 608 925 672 in
944 607 1056 672 Milite
1073 607 1180 672 Glor.
1200 607 1249 670 11.
1266 624 1295 672 ν.

237 706 301 768 80:
330 705 432 770 Herus
453 732 531 770 meus
551 708 716 796 Elephanti
735 710 807 772 cario
826 709 1033 773 circumteneus
1052 707 1110 794 ss,
1137 731 1204 772 non
1216 709 1297 793 suo:

237 804 342 890 Neque
362 807 449 870 habet
469 809 539 894 plus
556 810 719 896 sapientia
741 834 829 896 quam
851 809 940 897 Iapis.
981 808 1060 873 Alia
1087 823 1256 894 petantur
1279 829 1297 873 a

239 903 274 968 P.
292 907 458 992 leopardo
474 909 611 973 Emend.
626 913 653 975 I.
669 933 700 994 9.
721 926 753 974 et
772 910 1002 994 Interprctibus
1018 908 1060 972 ad
1078 909 1294 996 Hesychium

137 1085 140 1093 Ι
237 1026 307 1069 voc.
330 1007 441 1092 Φορίνη.
479 1011 600 1072 Vocem
623 1009 654 1073 in
674 1009 787 1095 Steph.
803 1009 896 1073 Thes.
916 1012 955 1075 L.
971 1011 1030 1073 Gr.
1055 1009 1219 1074 omiffam
1244 1032 1295 1075 re·

237 1109 343 1193 posuit
363 1111 406 1174 D.
423 1112 553 1175 Scottus
568 1113 600 1177 in
620 1113 821 1197 Appendice.
852 1111 936 1198 ’Όλῳ
954 1118 994 1196 τῷ
1017 1117 1148 1199 μυκτῆρι
1171 1120 1296 1198 χρῇτον,

236 1221 295 1272 toto
310 1212 378 1296 naso
392 1213 497 1291 uritur,
513 1214 595 1277 bene
609 1227 736 1277 vertunt
751 1213 897 1277 Erasmus
911 1227 945 1277 et
958 1213 1152 1278 Cruserius:
1170 1219 1296 1299 μυκτὴρ,

237 1312 337 1396 nastes,
363 1311 466 1395 irriſso,
492 1312 600 1393 ironia,
630 1312 816 1377 Plutarchus
845 1313 896 1376 De
923 1311 1096 1398 Malignit.
1126 1314 1296 1379 Herodoti

237 1433 270 1497 p.
296 1414 370 1477 860.
395 1416 433 1478 E.
481 1415 648 1502 Longinus
676 1416 728 1478 De
755 1415 846 1479 Subl.
872 1414 957 1479 See.
980 1414 1151 1481 XXXIV.
1184 1416 1296 1504 ibique

238 1513 462 1578 Ruhnkenius.
506 1515 559 1578 Sic
575 1514 674 1600 naas
695 1514 818 1580 Latinis
833 1514 963 1593 dicitur,
980 1538 1044 1579 uon
1061 1516 1237 1595 solumea
1250 1519 1294 1581 ir·

237 1614 316 1698 rista,
331 1637 403 1700 quae
417 1616 496 1680 serio
511 1616 559 1693 fit,
574 1615 621 1680 ita
638 1630 677 1681 ut
690 1615 796 1680 irrisus
811 1637 881 1680 earn
898 1616 1051 1702 agnoscat
1064 1641 1075 1696 3
1103 1618 1162 1682 sed
1179 1619 1294 1684 adula-

238 1716 320 1780 toria
339 1739 480 1803 quoquc,
500 1740 572 1804 quae
591 1718 635 1782 ita
657 1718 749 1783 alteri
774 1740 830 1804 per
851 1717 961 1782 laudes
983 1717 1184 1800 adhibetur,
1209 1735 1250 1786 ut
1270 1723 1296 1787 io

238 1840 310 1882 eam
326 1838 391 1883 non
407 1821 558 1906 agnoscat
574 1846 582 1883 ε
606 1821 695 1906 quod
708 1820 880 1908 diligenter
893 1820 1073 1905 expofitum
1089 1824 1189 1890 estin
1211 1829 1294 1890 Iex·

237 1921 289 1986 ico
305 1924 423 1988 Latino
439 1924 609 1989 Facciolati
623 1937 657 1989 et
674 1918 861 1989 Porcellini:
888 1924 1009 2006 Derisor
1023 1949 1102 1989 vcro
1123 1929 1203 2013 plus
1224 1930 1294 1993 Iau-

237 2025 340 2090 datore
360 2041 492 2092 movetur
511 2029 596 2114 apud
617 2028 789 2092 Horatium
805 2030 879 2091 Art.
896 2029 984 2090 Poet.
1001 2047 1083 2112 433.
1099 2031 1227 2118 estqui
1241 2055 1296 2118 per

237 2127 455 2192 adulationem
471 2129 592 2193 laudnt.
617 2127 947 2193 Animadvertendum
959 2128 1058 2192 ctiam
1074 2129 1111 2194 in
1129 2132 1295 2198 Cicerone

237 2229 303 2294 Off.
320 2232 347 2292 Ι.
364 2233 424 2294 26:
448 2231 617 2294 -hornincs
631 2229 731 2317 irylati
751 2230 932 2318 opinionibus
952 2231 1081 2317 turpiter
1105 2233 1294 2315 irridentur,

238 2342 266 2392 et
281 2331 313 2392 in
327 2331 463 2393 maximis
477 2333 636 2414 versantur
649 2332 811 2394 erroribus.-
837 2331 922 2396 reolo
936 2330 1179 2415 interpretatur
1196 2337 1232 2400 J.
1243 2336 1292 2398 M.

238 2431 467 2518 Heussngcrus‚
491 2432 690 2520 Deripiunlur
712 2433 751 2494 ab
772 2432 820 2509 iis,
845 2457 865 2494 a
889 2432 1047 2518 quibusse
1071 2429 1213 2499 laudari
1233 2453 1293 2524 pu-

238 2546 316 2597 tant.
354 2533 478 2598 Eodem
493 2535 623 2598 nomine
638 2533 766 2618 εἰρωνείας
782 2534 934 2620 fignificat
948 2532 1181 2599 adulationem
1200 2538 1293 2602 Philo

162 2710 165 2715 ¹
237 2636 313 2700 Jud.
337 2638 388 2700 De
405 2636 540 2698 Plantat.
561 2638 635 2698 Noe
657 2657 689 2718 p.
705 2636 778 2699 228.
795 2637 839 2698 E:
863 2633 950 2696 εὔνοια
963 2635 1024 2720 γάρ
1038 2639 1078 2706 ἐς]
1094 2637 1232 2715 fiennon
1246 2646 1293 2703 τοῦ

237 2743 277 2820 τῷ
290 2736 405 2812 πλησίον
419 2737 482 2814 οἶνον
495 2741 532 2798 τοὶ
546 2739 647 2819 ἁγαθοὶ
658 2740 729 2798 uu'rti
748 2736 806 2815 (lta
821 2735 884 2821 leg.
900 2757 957 2820 pro
971 2741 1057 2818 αὐτοὶ)
1073 2739 1172 2825 χάριν
1189 2740 1289 2805 ἐκείνοι·

238 2847 267 2903 αἱ
284 2840 311 2903 δέ
331 2868 366 2924 γε
385 2841 578 2925 χαμανπῦποο,
601 2839 646 2918 καὶ
667 2846 689 2902 oi
712 2843 836 2913 κόλακες
848 2846 937 2902 αὐτῶν
959 2840 1038 2903 ἕνεκα
1059 2844 1249 2925 οπεδᾶξεσο,
1264 2851 1293 2910 ai

237 2943 288 3023 μὲν
308 2947 364 3017 τοῖς
386 2947 508 3031 liparen,
528 2949 552 3005 οἶ
569 2943 596 3004 δί
616 2946 671 3016 τοῖς
686 2941 910 3023 κολακευομένοις
930 2946 968 3003 τοὶ
990 2947 1095 3024 ἁγαθοὶ
1118 2950 1289 3034 προσάγειν·

237 3051 288 3121 τοὶς
301 3047 345 3110 οὖν
360 3045 487 3133 εἰρωνείας
510 3046 555 3124 καὶ
576 3047 713 3131 γοητείας,
736 3046 863 3131 καθάπερ
882 3043 1057 3126 ἐπνφοομένας
1077 3053 1168 3131 κῆρας
1186 3059 1232 3136 τῷ
1246 3073 1291 3133 er·

238 3150 300 3224 λῖονς
325 3156 410 3235 φυτῷ,
433 3149 616 3233 ωερικοπῖέον.
653 3151 735 3211 Haec
757 3148 800 3210 cst
821 3146 949 3230 sipontin,
970 3148 1066 3232 quam
1092 3162 1128 3211 et
1152 3161 1292 3241 μυκτῆρα

235 3254 356 3315 ’Arimin
369 3250 508 3336 appellat
524 3250 684 3313 Lucienus
701 3250 891 3313 Prometheo
913 3251 951 3313 T.
969 3252 996 3313 l.
1015 3271 1048 3334 p.
1065 3271 1130 3332 24:
1157 3259 1291 3324 notarit

237 3353 472 3438 Theophrastus
499 3351 596 3415 Char.
620 3353 655 3413 I:
687 3349 816 3435 egregie
839 3349 959 3413 ibidem
981 3351 1224 3436 interpretatus
1248 3362 1290 3424 est

239 3454 279 3517 Is.
306 3453 534 3517 Casaubonus:
566 3452 657 3538 cujus
684 3453 938 3538 interpretationi
963 3453 1102 3518 addatur
1125 3460 1292 3529 Latinum

236 3555 428 3619 vocabulum
446 3555 608 3639 Derisr'onis
623 3567 651 3616 el
667 3554 825 3616 irridendi.
858 3557 1072 3641 'Epncprnurriu
1086 3557 1132 3622 ad
1146 3565 1292 3631 verbum

236 3656 375 3720 reddidit
398 3656 528 3719 Plautus
550 3655 748 3734 inambulare,
771 3658 913 3720 Afiuaria
936 3658 998 3721 Ill.
1019 3676 1053 3742 3.
1077 3679 1144 3744 93:
1177 3665 1291 3731 Inam.

237 3759 400 3822 bulandnm
420 3757 479 3842 est:
501 3781 579 3818 nunc
600 3757 672 3819 mihi
694 3757 1066 3845 viciffimsirpplicabunt:
1097 3762 1218 3846 idest,
1240 3771 1292 3833 iu·

226 3860 408 3950 saltandum
425 3857 529 3944 ffstl’is
551 3858 735 3921 donantibus:
769 3845 1058 3945 ab‘interpretibus
1084 3862 1200 3930 Plauti
1226 3894 1293 3936 nou

237 3977 397 4027 notatum.
442 3959 495 4023 Sic
521 3959 708 4023 Plutarchus
733 3982 808 4023 mox
830 3981 861 4044 p.
878 3964 931 4043 65.
953 3964 999 4024 F:
1031 3967 1061 4025 ού
1082 3965 1168 4029 πάνυ
1188 3974 1294 4056 ῥᾳδίως

236 4063 427 4147 ἐμπεριπατεῖν
439 4063 494 4131 τοῖς
508 4058 621 4134 κόλαξιν
635 4057 734 4133 inuris
748 4058 909 4146 παρέξομεν.
943 4061 995 4123 De
1010 4061 1137 4128 Vitioso
1157 4068 1293 4140 Pudore

236 4184 270 4247 p.
284 4183 362 4246 531.
377 4164 424 4225 B:
453 4159 591 4247 παρέχεις
612 4165 800 4245 ἐμπεριπατεῖν
821 4161 935 4246 φλυάρῳ
957 4164 1072 4242 σαυτὸν,
1098 4184 1292 4266 nugatum!

234 4265 289 4330 tibi
313 4264 455 4350 insultare
479 4263 605 4351 pateris.
641 4262 795 4329 Similiter
817 4263 935 4329 dicitur
957 4264 1128 4348 ἑπεμέοιίνεον
1154 4276 1229 4357 τινὶ,
1256 4297 1291 4344 et
