<?xml version="1.0" encoding="UTF-8"?>
<!DOCTYPE html PUBLIC "-//W3C//DTD XHTML 1.0 Transitional//EN"
    "http://www.w3.org/TR/xhtml1/DTD/xhtml1-transitional.dtd">
<html xmlns="http://www.w3.org/1999/xhtml" xml:lang="en" lang="en">
 <head>
  <title>
</title>
<meta http-equiv="Content-Type" content="text/html;charset=utf-8" />
  <meta name='ocr-system' content='tesseract 3.04.00' />
  <meta name='ocr-capabilities' content='ocr_page ocr_carea ocr_par ocr_line ocrx_word'/>
</head>
<body>
  <div class='ocr_page' id='page_1' title='image "./plutarchichaero15plutgoog_0236.png"; bbox 0 0 2684 4762; ppageno 0'>
   <div class='ocr_carea' id='block_1_1' title="bbox 211 324 1100 419">
    <p class='ocr_par' dir='ltr' id='par_1_1' title="bbox 211 324 1100 419">
     <span class='ocr_line' id='line_1_1' title="bbox 211 324 1100 419; baseline -0.003 -30"><span class='ocrx_word' id='word_1_1' title='bbox 211 335 277 389; x_wconf 65' lang='lat'><strong>224</strong></span> <span class='ocrx_word' id='word_1_2' title='bbox 359 324 398 419; x_wconf 60' lang='grc' dir='ltr'><strong>Ῐ)τ</strong></span> <span class='ocrx_word' id='word_1_3' title='bbox 409 329 460 387; x_wconf 90' lang='lat' dir='ltr'><strong>W.</strong></span> <span class='ocrx_word' id='word_1_4' title='bbox 481 328 688 389; x_wconf 86' lang='lat' dir='ltr'><strong>ANIMADV.</strong></span> <span class='ocrx_word' id='word_1_5' title='bbox 708 329 755 389; x_wconf 92' lang='lat' dir='ltr'><strong>IN</strong></span> <span class='ocrx_word' id='word_1_6' title='bbox 776 327 1005 389; x_wconf 86' lang='lat' dir='ltr'>PLUTARCHI</span> <span class='ocrx_word' id='word_1_7' title='bbox 1026 328 1100 386; x_wconf 89' lang='lat' dir='ltr'><strong>LlB.</strong></span> 
     </span>
    </p>
   </div>
   <div class='ocr_carea' id='block_1_2' title="bbox 208 490 1245 1288">
    <p class='ocr_par' dir='ltr' id='par_1_2' title="bbox 208 490 1245 1288">
     <span class='ocr_line' id='line_1_2' title="bbox 209 490 1239 576; baseline 0.001 -22"><span class='ocrx_word' id='word_1_8' title='bbox 209 491 364 573; x_wconf 69' lang='grc' dir='ltr'><strong>θανάσιμον</strong></span> <span class='ocrx_word' id='word_1_9' title='bbox 378 492 498 575; x_wconf 72' lang='grc' dir='ltr'><strong>δύναμιν,</strong></span> <span class='ocrx_word' id='word_1_10' title='bbox 513 492 563 557; x_wconf 87' lang='lat' dir='ltr'><strong>vel</strong></span> <span class='ocrx_word' id='word_1_11' title='bbox 580 496 627 571; x_wconf 73' lang='grc' dir='ltr'><strong>τὴν</strong></span> <span class='ocrx_word' id='word_1_12' title='bbox 646 493 754 576; x_wconf 66' lang='lat' dir='ltr'><strong>sirapti</strong></span> <span class='ocrx_word' id='word_1_13' title='bbox 771 496 818 571; x_wconf 75' lang='grc' dir='ltr'><strong>σὴν</strong></span> <span class='ocrx_word' id='word_1_14' title='bbox 832 492 1003 574; x_wconf 64' lang='lat' dir='ltr'><strong>dasdamus:</strong></span> <span class='ocrx_word' id='word_1_15' title='bbox 1027 490 1142 554; x_wconf 88' lang='lat' dir='ltr'><strong>deinde</strong></span> <span class='ocrx_word' id='word_1_16' title='bbox 1157 490 1239 555; x_wconf 77' lang='lat' dir='ltr'><strong>du&#39;va·</strong></span> 
     </span>
     <span class='ocr_line' id='line_1_3' title="bbox 210 592 1240 682; baseline 0.001 -25"><span class='ocrx_word' id='word_1_17' title='bbox 210 621 257 677; x_wconf 78' lang='grc' dir='ltr'><strong>μις</strong></span> <span class='ocrx_word' id='word_1_18' title='bbox 279 595 355 680; x_wconf 91' lang='lat' dir='ltr'><strong>quid</strong></span> <span class='ocrx_word' id='word_1_19' title='bbox 377 595 413 659; x_wconf 79' lang='lat' dir='ltr'><strong>sit</strong></span> <span class='ocrx_word' id='word_1_20' title='bbox 433 595 518 682; x_wconf 91' lang='lat' dir='ltr'><strong>apud</strong></span> <span class='ocrx_word' id='word_1_21' title='bbox 541 595 699 675; x_wconf 85' lang='lat' dir='ltr'><strong>Medicos‚</strong></span> <span class='ocrx_word' id='word_1_22' title='bbox 722 596 794 659; x_wconf 85' lang='lat' dir='ltr'><strong>satis</strong></span> <span class='ocrx_word' id='word_1_23' title='bbox 813 595 945 673; x_wconf 87' lang='lat' dir='ltr'><strong>constat,</strong></span> <span class='ocrx_word' id='word_1_24' title='bbox 964 610 999 659; x_wconf 89' lang='lat' dir='ltr'><strong>et</strong></span> <span class='ocrx_word' id='word_1_25' title='bbox 1015 594 1169 675; x_wconf 70' lang='grc' dir='ltr'><strong><em>θανάσιμοι</em></strong></span> <span class='ocrx_word' id='word_1_26' title='bbox 1187 592 1240 658; x_wconf 90' lang='lat' dir='ltr'><strong>hic</strong></span> 
     </span>
     <span class='ocr_line' id='line_1_4' title="bbox 211 697 1240 780; baseline -0.001 -19"><span class='ocrx_word' id='word_1_27' title='bbox 211 697 372 761; x_wconf 86' lang='lat' dir='ltr'>subaudiri</span> <span class='ocrx_word' id='word_1_28' title='bbox 393 720 432 762; x_wconf 87' lang='lat' dir='ltr'><strong>cx</strong></span> <span class='ocrx_word' id='word_1_29' title='bbox 454 698 662 763; x_wconf 84' lang='lat' dir='ltr'><strong>antecedente</strong></span> <span class='ocrx_word' id='word_1_30' title='bbox 683 699 841 780; x_wconf 69' lang='grc' dir='ltr'><strong>θανασίμιι,</strong></span> <span class='ocrx_word' id='word_1_31' title='bbox 861 700 979 763; x_wconf 91' lang='lat' dir='ltr'><strong>nemini</strong></span> <span class='ocrx_word' id='word_1_32' title='bbox 998 699 1166 762; x_wconf 90' lang='lat' dir='ltr'><strong>obscurum</strong></span> <span class='ocrx_word' id='word_1_33' title='bbox 1185 698 1240 761; x_wconf 89' lang='lat' dir='ltr'><strong>est.</strong></span> 
     </span>
     <span class='ocr_line' id='line_1_5' title="bbox 211 798 1242 885; baseline -0.004 -21"><span class='ocrx_word' id='word_1_34' title='bbox 211 799 294 864; x_wconf 86' lang='lat' dir='ltr'><strong>Rem</strong></span> <span class='ocrx_word' id='word_1_35' title='bbox 316 799 414 883; x_wconf 87' lang='lat' dir='ltr'>ipsam</span> <span class='ocrx_word' id='word_1_36' title='bbox 437 799 533 863; x_wconf 79' lang='lat' dir='ltr'>tradit</span> <span class='ocrx_word' id='word_1_37' title='bbox 554 799 755 864; x_wconf 74' lang='lat' dir='ltr'><strong>Dioscorides</strong></span> <span class='ocrx_word' id='word_1_38' title='bbox 776 802 803 863; x_wconf 88' lang='lat' dir='ltr'><strong>l.</strong></span> <span class='ocrx_word' id='word_1_39' title='bbox 818 801 879 864; x_wconf 85' lang='lat'><strong>66:</strong></span> <span class='ocrx_word' id='word_1_40' title='bbox 904 800 962 863; x_wconf 83' lang='grc' dir='ltr'><strong><em>ἔνιοι</em></strong></span> <span class='ocrx_word' id='word_1_41' title='bbox 983 802 1010 861; x_wconf 80' lang='grc' dir='ltr'><strong>δὲ</strong></span> <span class='ocrx_word' id='word_1_42' title='bbox 1030 798 1167 885; x_wconf 77' lang='grc' dir='ltr'><strong><em>ἶςόρησαν,</em></strong></span> <span class='ocrx_word' id='word_1_43' title='bbox 1189 802 1242 872; x_wconf 73' lang='grc' dir='ltr'><strong>τὰς</strong></span> 
     </span>
     <span class='ocr_line' id='line_1_6' title="bbox 209 899 1242 988; baseline -0.003 -23"><span class='ocrx_word' id='word_1_44' title='bbox 209 899 376 986; x_wconf 67' lang='grc' dir='ltr'><strong>κανθαρίδας</strong></span> <span class='ocrx_word' id='word_1_45' title='bbox 401 903 447 964; x_wconf 75' lang='grc' dir='ltr'><strong>καὶ</strong></span> <span class='ocrx_word' id='word_1_46' title='bbox 471 905 624 988; x_wconf 76' lang='grc' dir='ltr'><strong><em>ὑδρωπικοῖς</em></strong></span> <span class='ocrx_word' id='word_1_47' title='bbox 645 905 762 980; x_wconf 69' lang='grc' dir='ltr'><strong>βοηθεῖν,</strong></span> <span class='ocrx_word' id='word_1_48' title='bbox 785 905 819 976; x_wconf 77' lang='grc' dir='ltr'><strong>ὥς</strong></span> <span class='ocrx_word' id='word_1_49' title='bbox 843 901 947 987; x_wconf 76' lang='grc' dir='ltr'><strong><em>οὔρησιν</em></strong></span> <span class='ocrx_word' id='word_1_50' title='bbox 968 899 1091 974; x_wconf 61' lang='lat' dir='ltr'><strong>missar·</strong></span> <span class='ocrx_word' id='word_1_51' title='bbox 1116 906 1139 962; x_wconf 84' lang='lat' dir='ltr'><strong>oi</strong></span> <span class='ocrx_word' id='word_1_52' title='bbox 1158 901 1185 962; x_wconf 81' lang='grc' dir='ltr'><strong>δὲ</strong></span> <span class='ocrx_word' id='word_1_53' title='bbox 1203 904 1242 962; x_wconf 82' lang='grc' dir='ltr'><strong>τοὶ</strong></span> 
     </span>
     <span class='ocr_line' id='line_1_7' title="bbox 209 1001 1240 1089; baseline -0.001 -24"><span class='ocrx_word' id='word_1_54' title='bbox 209 1005 296 1088; x_wconf 69' lang='lat' dir='ltr'><strong>viefui</strong></span> <span class='ocrx_word' id='word_1_55' title='bbox 318 1006 405 1066; x_wconf 77' lang='grc' dir='ltr'>αὐτῶν</span> <span class='ocrx_word' id='word_1_56' title='bbox 426 1001 471 1082; x_wconf 66' lang='lat' dir='ltr'><strong>aa)</strong></span> <span class='ocrx_word' id='word_1_57' title='bbox 489 1002 539 1077; x_wconf 77' lang='lat' dir='ltr'><strong>rri5</strong></span> <span class='ocrx_word' id='word_1_58' title='bbox 558 1006 650 1076; x_wconf 76' lang='grc' dir='ltr'><strong>σνοδσὶς</strong></span> <span class='ocrx_word' id='word_1_59' title='bbox 664 1009 718 1077; x_wconf 81' lang='grc' dir='ltr'><strong><em>τοῖς</em></strong></span> <span class='ocrx_word' id='word_1_60' title='bbox 732 1008 833 1067; x_wconf 76' lang='grc' dir='ltr'><strong><em>πιέσιν</em></strong></span> <span class='ocrx_word' id='word_1_61' title='bbox 850 1008 936 1078; x_wconf 74' lang='grc' dir='ltr'><strong><em>αὐτὰς</em></strong></span> <span class='ocrx_word' id='word_1_62' title='bbox 956 1003 1162 1089; x_wconf 66' lang='grc' dir='ltr'><strong>ἀντιφάρμακον</strong></span> <span class='ocrx_word' id='word_1_63' title='bbox 1175 1001 1240 1065; x_wconf 63' lang='grc' dir='ltr'><strong>σίνὲδ</strong></span> 
     </span>
     <span class='ocr_line' id='line_1_8' title="bbox 209 1102 1245 1192; baseline 0.003 -28"><span class='ocrx_word' id='word_1_64' title='bbox 209 1104 338 1188; x_wconf 71' lang='grc' dir='ltr'><strong>γραψαν·</strong></span> <span class='ocrx_word' id='word_1_65' title='bbox 361 1103 409 1181; x_wconf 81' lang='lat' dir='ltr'><strong>iis,</strong></span> <span class='ocrx_word' id='word_1_66' title='bbox 431 1104 482 1189; x_wconf 84' lang='lat' dir='ltr'><strong>qai</strong></span> <span class='ocrx_word' id='word_1_67' title='bbox 504 1104 697 1168; x_wconf 77' lang='lat' dir='ltr'><em>cantharidas</em></span> <span class='ocrx_word' id='word_1_68' title='bbox 715 1105 861 1184; x_wconf 80' lang='lat' dir='ltr'><strong>biberunt,</strong></span> <span class='ocrx_word' id='word_1_69' title='bbox 876 1107 1004 1192; x_wconf 72' lang='lat' dir='ltr'><strong>ipsorum</strong></span> <span class='ocrx_word' id='word_1_70' title='bbox 1017 1102 1079 1167; x_wconf 81' lang='lat' dir='ltr'><strong>aloe</strong></span> <span class='ocrx_word' id='word_1_71' title='bbox 1100 1128 1136 1167; x_wconf 83' lang='lat' dir='ltr'><strong>ac</strong></span> <span class='ocrx_word' id='word_1_72' title='bbox 1153 1105 1245 1190; x_wconf 81' lang='lat' dir='ltr'><strong>pedes</strong></span> 
     </span>
     <span class='ocr_line' id='line_1_9' title="bbox 208 1203 1242 1288; baseline 0.002 -22"><span class='ocrx_word' id='word_1_73' title='bbox 208 1203 366 1274; x_wconf 78' lang='lat' dir='ltr'><strong>remedium</strong></span> <span class='ocrx_word' id='word_1_74' title='bbox 376 1205 469 1288; x_wconf 67' lang='lat' dir='ltr'><strong>siant:</strong></span> <span class='ocrx_word' id='word_1_75' title='bbox 493 1205 548 1267; x_wconf 89' lang='lat' dir='ltr'><strong>ubi</strong></span> <span class='ocrx_word' id='word_1_76' title='bbox 562 1204 745 1269; x_wconf 85' lang='lat' dir='ltr'>consulatur</span> <span class='ocrx_word' id='word_1_77' title='bbox 756 1208 787 1270; x_wconf 83' lang='lat' dir='ltr'><strong>J.</strong></span> <span class='ocrx_word' id='word_1_78' title='bbox 803 1206 847 1268; x_wconf 85' lang='lat' dir='ltr'><strong>A.</strong></span> <span class='ocrx_word' id='word_1_79' title='bbox 862 1209 1047 1270; x_wconf 89' lang='lat' dir='ltr'><strong>Saracenus.</strong></span> <span class='ocrx_word' id='word_1_80' title='bbox 1087 1205 1178 1269; x_wconf 80' lang='lat' dir='ltr'>Plinii</span> <span class='ocrx_word' id='word_1_81' title='bbox 1192 1205 1242 1268; x_wconf 72' lang='lat' dir='ltr'><strong>lo·</strong></span> 
     </span>
    </p>
   </div>
   <div class='ocr_carea' id='block_1_3' title="bbox 121 1307 1249 4336">
    <p class='ocr_par' dir='ltr' id='par_1_3' title="bbox 209 1307 1245 1472">
     <span class='ocr_line' id='line_1_10' title="bbox 210 1307 1245 1391; baseline 0.003 -22"><span class='ocrx_word' id='word_1_82' title='bbox 210 1327 287 1369; x_wconf 91' lang='lat' dir='ltr'><strong>cum</strong></span> <span class='ocrx_word' id='word_1_83' title='bbox 315 1307 361 1370; x_wconf 95' lang='lat' dir='ltr'><strong>H.</strong></span> <span class='ocrx_word' id='word_1_84' title='bbox 383 1308 428 1370; x_wconf 93' lang='lat' dir='ltr'><strong>N.</strong></span> <span class='ocrx_word' id='word_1_85' title='bbox 452 1308 579 1370; x_wconf 89' lang='lat' dir='ltr'><strong>XXIX.</strong></span> <span class='ocrx_word' id='word_1_86' title='bbox 598 1326 652 1391; x_wconf 89' lang='lat'><strong>30.</strong></span> <span class='ocrx_word' id='word_1_87' title='bbox 681 1307 779 1371; x_wconf 90' lang='lat' dir='ltr'><strong>allato</strong></span> <span class='ocrx_word' id='word_1_88' title='bbox 805 1307 919 1372; x_wconf 89' lang='lat' dir='ltr'><strong>eodem</strong></span> <span class='ocrx_word' id='word_1_89' title='bbox 941 1307 1134 1374; x_wconf 84' lang='lat' dir='ltr'><strong>Dioscoridia</strong></span> <span class='ocrx_word' id='word_1_90' title='bbox 1156 1307 1245 1372; x_wconf 73' lang='lat' dir='ltr'><strong>dieto</strong></span> 
     </span>
     <span class='ocr_line' id='line_1_11' title="bbox 209 1406 608 1472; baseline 0.003 -1"><span class='ocrx_word' id='word_1_91' title='bbox 209 1406 343 1471; x_wconf 88' lang='lat' dir='ltr'><strong>illustrat</strong></span> <span class='ocrx_word' id='word_1_92' title='bbox 360 1409 392 1472; x_wconf 88' lang='lat' dir='ltr'><strong>J.</strong></span> <span class='ocrx_word' id='word_1_93' title='bbox 410 1407 608 1472; x_wconf 85' lang='lat' dir='ltr'><strong>Harduinus.</strong></span> 
     </span>
    </p>

    <p class='ocr_par' dir='ltr' id='par_1_4' title="bbox 255 1510 1099 1599">
     <span class='ocr_line' id='line_1_12' title="bbox 255 1510 1099 1599; baseline -0.004 -21"><span class='ocrx_word' id='word_1_94' title='bbox 255 1530 308 1578; x_wconf 82' lang='lat'><strong>22.</strong></span> <span class='ocrx_word' id='word_1_95' title='bbox 323 1511 362 1574; x_wconf 92' lang='lat' dir='ltr'><strong>B.</strong></span> <span class='ocrx_word' id='word_1_96' title='bbox 384 1517 460 1575; x_wconf 77' lang='grc' dir='ltr'><strong>Τὲτο</strong></span> <span class='ocrx_word' id='word_1_97' title='bbox 474 1511 504 1575; x_wconf 79' lang='grc' dir='ltr'><strong>νύ</strong></span> <span class='ocrx_word' id='word_1_98' title='bbox 516 1536 555 1573; x_wconf 75' lang='grc' dir='ltr'><strong>σοι</strong></span> <span class='ocrx_word' id='word_1_99' title='bbox 568 1510 666 1598; x_wconf 79' lang='grc' dir='ltr'><strong><em>γέρας]</em></strong></span> <span class='ocrx_word' id='word_1_100' title='bbox 695 1514 830 1577; x_wconf 88' lang='lat' dir='ltr'><strong>Homer.</strong></span> <span class='ocrx_word' id='word_1_101' title='bbox 848 1511 956 1599; x_wconf 87' lang='lat' dir='ltr'><strong>Odyss.</strong></span> <span class='ocrx_word' id='word_1_102' title='bbox 972 1515 1010 1574; x_wconf 88' lang='grc' dir='ltr'><strong>Δ.</strong></span> <span class='ocrx_word' id='word_1_103' title='bbox 1029 1527 1099 1598; x_wconf 87' lang='lat'><strong>197.</strong></span> 
     </span>
    </p>

    <p class='ocr_par' dir='ltr' id='par_1_5' title="bbox 256 1611 1030 1699">
     <span class='ocr_line' id='line_1_13' title="bbox 256 1611 1030 1699; baseline -0.005 -19"><span class='ocrx_word' id='word_1_104' title='bbox 256 1632 309 1680; x_wconf 82' lang='grc'><strong>22.</strong></span> <span class='ocrx_word' id='word_1_105' title='bbox 324 1614 363 1677; x_wconf 91' lang='grc' dir='ltr'><strong>Β.</strong></span> <span class='ocrx_word' id='word_1_106' title='bbox 380 1611 437 1686; x_wconf 85' lang='grc' dir='ltr'><strong>Ὣς</strong></span> <span class='ocrx_word' id='word_1_107' title='bbox 449 1617 507 1699; x_wconf 69' lang='grc' dir='ltr'><strong>γὰρ</strong></span> <span class='ocrx_word' id='word_1_108' title='bbox 522 1614 768 1698; x_wconf 45' lang='grc' dir='ltr'><strong>ἐπεκλώσαντο-ἧ</strong></span> <span class='ocrx_word' id='word_1_109' title='bbox 795 1613 884 1678; x_wconf 90' lang='lat' dir='ltr'><strong>lliad.</strong></span> <span class='ocrx_word' id='word_1_110' title='bbox 898 1618 940 1676; x_wconf 85' lang='grc' dir='ltr'><strong>Ω.</strong></span> <span class='ocrx_word' id='word_1_111' title='bbox 955 1629 1030 1698; x_wconf 81' lang='lat'><strong>525.</strong></span> 
     </span>
    </p>

    <p class='ocr_par' dir='ltr' id='par_1_6' title="bbox 121 1714 1249 4336">
     <span class='ocr_line' id='line_1_14' title="bbox 257 1714 1244 1802; baseline -0.003 -23"><span class='ocrx_word' id='word_1_112' title='bbox 257 1732 309 1779; x_wconf 86' lang='grc'><strong>22.</strong></span> <span class='ocrx_word' id='word_1_113' title='bbox 325 1714 364 1779; x_wconf 86' lang='lat' dir='ltr'><strong>C.</strong></span> <span class='ocrx_word' id='word_1_114' title='bbox 386 1718 431 1777; x_wconf 81' lang='lat' dir='ltr'><strong>Ori</strong></span> <span class='ocrx_word' id='word_1_115' title='bbox 456 1720 514 1802; x_wconf 70' lang='grc' dir='ltr'><strong>γὰρ</strong></span> <span class='ocrx_word' id='word_1_116' title='bbox 537 1717 631 1790; x_wconf 73' lang='grc' dir='ltr'>ἁπλῶς</span> <span class='ocrx_word' id='word_1_117' title='bbox 653 1716 764 1800; x_wconf 71' lang='grc' dir='ltr'><strong>ιῖπε--]</strong></span> <span class='ocrx_word' id='word_1_118' title='bbox 792 1716 990 1794; x_wconf 80' lang='lat' dir='ltr'><strong>PlutarchuS,</strong></span> <span class='ocrx_word' id='word_1_119' title='bbox 1013 1715 1068 1802; x_wconf 90' lang='lat' dir='ltr'><strong>qui</strong></span> <span class='ocrx_word' id='word_1_120' title='bbox 1091 1715 1183 1800; x_wconf 81' lang='lat' dir='ltr'><strong>supra</strong></span> <span class='ocrx_word' id='word_1_121' title='bbox 1208 1735 1244 1798; x_wconf 92' lang='lat' dir='ltr'><strong>p.</strong></span> 
     </span>
     <span class='ocr_line' id='line_1_15' title="bbox 215 1814 1241 1903; baseline -0.001 -23"><span class='ocrx_word' id='word_1_122' title='bbox 215 1835 268 1903; x_wconf 87' lang='lat'><strong>19.</strong></span> <span class='ocrx_word' id='word_1_123' title='bbox 284 1818 318 1880; x_wconf 87' lang='lat' dir='ltr'><strong>F.</strong></span> <span class='ocrx_word' id='word_1_124' title='bbox 344 1815 518 1902; x_wconf 86' lang='lat' dir='ltr'><strong>prudenter</strong></span> <span class='ocrx_word' id='word_1_125' title='bbox 539 1816 758 1900; x_wconf 86' lang='lat' dir='ltr'><strong>repudiaverat</strong></span> <span class='ocrx_word' id='word_1_126' title='bbox 778 1816 981 1903; x_wconf 87' lang='lat' dir='ltr'><strong>allegoricam</strong></span> <span class='ocrx_word' id='word_1_127' title='bbox 1005 1814 1241 1901; x_wconf 82' lang='lat' dir='ltr'><strong>interpretatio·</strong></span> 
     </span>
     <span class='ocr_line' id='line_1_16' title="bbox 211 1917 1243 2004; baseline -0.003 -21"><span class='ocrx_word' id='word_1_128' title='bbox 211 1939 300 1997; x_wconf 89' lang='lat' dir='ltr'><strong>nem,</strong></span> <span class='ocrx_word' id='word_1_129' title='bbox 323 1917 440 2004; x_wconf 89' lang='lat' dir='ltr'><strong>quippe</strong></span> <span class='ocrx_word' id='word_1_130' title='bbox 459 1940 532 2003; x_wconf 84' lang='lat' dir='ltr'><strong>quae</strong></span> <span class='ocrx_word' id='word_1_131' title='bbox 553 1917 616 1981; x_wconf 91' lang='lat' dir='ltr'><strong>vim</strong></span> <span class='ocrx_word' id='word_1_132' title='bbox 638 1918 767 1982; x_wconf 90' lang='lat' dir='ltr'><strong>inferret</strong></span> <span class='ocrx_word' id='word_1_133' title='bbox 788 1940 825 1982; x_wconf 88' lang='lat' dir='ltr'><strong>ac</strong></span> <span class='ocrx_word' id='word_1_134' title='bbox 845 1931 1033 2003; x_wconf 81' lang='lat' dir='ltr'><strong>perverteret</strong></span> <span class='ocrx_word' id='word_1_135' title='bbox 1054 1917 1243 1983; x_wconf 84' lang='lat' dir='ltr'><strong>sententiam</strong></span> 
     </span>
     <span class='ocr_line' id='line_1_17' title="bbox 212 2015 1245 2106; baseline -0.005 -23"><span class='ocrx_word' id='word_1_136' title='bbox 212 2030 391 2106; x_wconf 87' lang='lat' dir='ltr'><strong>poetarum,</strong></span> <span class='ocrx_word' id='word_1_137' title='bbox 407 2041 493 2083; x_wconf 90' lang='lat' dir='ltr'><strong>nunc</strong></span> <span class='ocrx_word' id='word_1_138' title='bbox 515 2015 580 2103; x_wconf 85' lang='lat' dir='ltr'><strong>ipse</strong></span> <span class='ocrx_word' id='word_1_139' title='bbox 601 2039 658 2103; x_wconf 90' lang='lat' dir='ltr'><strong>per</strong></span> <span class='ocrx_word' id='word_1_140' title='bbox 679 2017 773 2081; x_wconf 88' lang='lat' dir='ltr'><strong>aliam</strong></span> <span class='ocrx_word' id='word_1_141' title='bbox 796 2016 1022 2104; x_wconf 89' lang='lat' dir='ltr'><strong>interpretandi</strong></span> <span class='ocrx_word' id='word_1_142' title='bbox 1039 2015 1195 2081; x_wconf 87' lang='lat' dir='ltr'><strong>rationem</strong></span> <span class='ocrx_word' id='word_1_143' title='bbox 1211 2016 1245 2079; x_wconf 89' lang='lat' dir='ltr'><strong>in</strong></span> 
     </span>
     <span class='ocr_line' id='line_1_18' title="bbox 212 2116 1244 2205; baseline -0.002 -21"><span class='ocrx_word' id='word_1_144' title='bbox 212 2118 362 2185; x_wconf 89' lang='lat' dir='ltr'><strong>eumdem</strong></span> <span class='ocrx_word' id='word_1_145' title='bbox 385 2141 524 2184; x_wconf 90' lang='lat' dir='ltr'><strong>errorem</strong></span> <span class='ocrx_word' id='word_1_146' title='bbox 547 2118 681 2183; x_wconf 65' lang='lat' dir='ltr'><strong>incidite</strong></span> <span class='ocrx_word' id='word_1_147' title='bbox 705 2119 782 2205; x_wconf 92' lang='lat' dir='ltr'><strong>quid</strong></span> <span class='ocrx_word' id='word_1_148' title='bbox 803 2118 889 2184; x_wconf 88' lang='lat' dir='ltr'><strong>euim</strong></span> <span class='ocrx_word' id='word_1_149' title='bbox 908 2119 951 2183; x_wconf 89' lang='lat' dir='ltr'><strong>est</strong></span> <span class='ocrx_word' id='word_1_150' title='bbox 971 2116 1189 2205; x_wconf 67' lang='grc' dir='ltr'><strong>σαςαὲιάζιθαρ</strong></span> <span class='ocrx_word' id='word_1_151' title='bbox 1210 2132 1244 2182; x_wconf 89' lang='lat' dir='ltr'><strong>et</strong></span> 
     </span>
     <span class='ocr_line' id='line_1_19' title="bbox 211 2220 1244 2308; baseline -0.003 -22"><span class='ocrx_word' id='word_1_152' title='bbox 211 2220 371 2308; x_wconf 79' lang='grc' dir='ltr'><strong>διαςρέφοιν,</strong></span> <span class='ocrx_word' id='word_1_153' title='bbox 387 2221 407 2284; x_wconf 81' lang='lat' dir='ltr'><strong>st</strong></span> <span class='ocrx_word' id='word_1_154' title='bbox 426 2220 489 2285; x_wconf 90' lang='lat' dir='ltr'><strong>hoc</strong></span> <span class='ocrx_word' id='word_1_155' title='bbox 507 2221 640 2285; x_wconf 89' lang='lat' dir='ltr'><strong>nonest.</strong></span> <span class='ocrx_word' id='word_1_156' title='bbox 675 2220 778 2306; x_wconf 87' lang='lat' dir='ltr'><strong>Atqui</strong></span> <span class='ocrx_word' id='word_1_157' title='bbox 800 2234 906 2285; x_wconf 90' lang='lat' dir='ltr'><strong>totum</strong></span> <span class='ocrx_word' id='word_1_158' title='bbox 920 2221 983 2285; x_wconf 88' lang='lat' dir='ltr'><strong>hoe</strong></span> <span class='ocrx_word' id='word_1_159' title='bbox 1005 2235 1202 2306; x_wconf 83' lang='lat' dir='ltr'><strong>praeceptum</strong></span> <span class='ocrx_word' id='word_1_160' title='bbox 1225 2242 1244 2283; x_wconf 90' lang='lat' dir='ltr'><strong>c</strong></span> 
     </span>
     <span class='ocr_line' id='line_1_20' title="bbox 213 2321 1246 2410; baseline -0.003 -24"><span class='ocrx_word' id='word_1_161' title='bbox 213 2324 268 2410; x_wconf 85' lang='lat' dir='ltr'><strong>pia</strong></span> <span class='ocrx_word' id='word_1_162' title='bbox 290 2321 401 2386; x_wconf 86' lang='lat' dir='ltr'><strong>fraude</strong></span> <span class='ocrx_word' id='word_1_163' title='bbox 423 2321 526 2400; x_wconf 67' lang='lat' dir='ltr'><strong>fluxit,</strong></span> <span class='ocrx_word' id='word_1_164' title='bbox 549 2322 611 2385; x_wconf 79' lang='lat' dir='ltr'><strong>sine</strong></span> <span class='ocrx_word' id='word_1_165' title='bbox 634 2343 696 2406; x_wconf 88' lang='lat' dir='ltr'><strong>qua</strong></span> <span class='ocrx_word' id='word_1_166' title='bbox 715 2335 819 2406; x_wconf 83' lang='lat' dir='ltr'><strong>poetae</strong></span> <span class='ocrx_word' id='word_1_167' title='bbox 838 2322 943 2386; x_wconf 87' lang='lat' dir='ltr'><strong>divina</strong></span> <span class='ocrx_word' id='word_1_168' title='bbox 960 2321 1129 2387; x_wconf 69' lang='lat' dir='ltr'><strong>auctoritas</strong></span> <span class='ocrx_word' id='word_1_169' title='bbox 1148 2336 1182 2386; x_wconf 91' lang='lat' dir='ltr'><strong>et</strong></span> <span class='ocrx_word' id='word_1_170' title='bbox 1202 2323 1246 2384; x_wconf 84' lang='lat' dir='ltr'><strong>ab</strong></span> 
     </span>
     <span class='ocr_line' id='line_1_21' title="bbox 213 2421 1244 2509; baseline 0.002 -23"><span class='ocrx_word' id='word_1_171' title='bbox 213 2422 304 2487; x_wconf 92' lang='lat' dir='ltr'><strong>omni</strong></span> <span class='ocrx_word' id='word_1_172' title='bbox 317 2421 429 2485; x_wconf 85' lang='lat' dir='ltr'><strong>erroris</strong></span> <span class='ocrx_word' id='word_1_173' title='bbox 441 2422 511 2485; x_wconf 86' lang='lat' dir='ltr'><strong>labe</strong></span> <span class='ocrx_word' id='word_1_174' title='bbox 524 2421 710 2486; x_wconf 87' lang='lat' dir='ltr'><strong>immunitas</strong></span> <span class='ocrx_word' id='word_1_175' title='bbox 725 2422 874 2487; x_wconf 83' lang='lat' dir='ltr'><strong>vindicari</strong></span> <span class='ocrx_word' id='word_1_176' title='bbox 891 2446 955 2488; x_wconf 91' lang='lat' dir='ltr'><strong>non</strong></span> <span class='ocrx_word' id='word_1_177' title='bbox 975 2423 1059 2509; x_wconf 80' lang='lat' dir='ltr'><strong>posse</strong></span> <span class='ocrx_word' id='word_1_178' title='bbox 1072 2423 1244 2488; x_wconf 87' lang='lat' dir='ltr'><strong>videretur.</strong></span> 
     </span>
     <span class='ocr_line' id='line_1_22' title="bbox 214 2522 1246 2613; baseline 0.001 -25"><span class='ocrx_word' id='word_1_179' title='bbox 214 2527 418 2613; x_wconf 73' lang='lat' dir='ltr'><strong>Quamquam</strong></span> <span class='ocrx_word' id='word_1_180' title='bbox 438 2522 488 2587; x_wconf 90' lang='lat' dir='ltr'><strong>his</strong></span> <span class='ocrx_word' id='word_1_181' title='bbox 512 2524 641 2610; x_wconf 90' lang='lat' dir='ltr'><strong>quidem</strong></span> <span class='ocrx_word' id='word_1_182' title='bbox 661 2525 822 2591; x_wconf 88' lang='lat' dir='ltr'><strong>vocabulis</strong></span> <span class='ocrx_word' id='word_1_183' title='bbox 843 2528 979 2613; x_wconf 71' lang='grc' dir='ltr'><strong><em>ὅιζυροῖσι,</em></strong></span> <span class='ocrx_word' id='word_1_184' title='bbox 1004 2525 1188 2610; x_wconf 79' lang='lat' dir='ltr'><strong>calamitofis,</strong></span> <span class='ocrx_word' id='word_1_185' title='bbox 1211 2540 1246 2589; x_wconf 90' lang='lat' dir='ltr'><strong>et</strong></span> 
     </span>
     <span class='ocr_line' id='line_1_23' title="bbox 213 2625 1244 2712; baseline -0.002 -21"><span class='ocrx_word' id='word_1_186' title='bbox 213 2629 336 2704; x_wconf 70' lang='grc' dir='ltr'><strong><em>δειλοῖσι,</em></strong></span> <span class='ocrx_word' id='word_1_187' title='bbox 351 2625 473 2711; x_wconf 64' lang='lat' dir='ltr'><strong>mistro,</strong></span> <span class='ocrx_word' id='word_1_188' title='bbox 490 2647 554 2689; x_wconf 91' lang='lat' dir='ltr'><strong>non</strong></span> <span class='ocrx_word' id='word_1_189' title='bbox 568 2646 649 2710; x_wconf 90' lang='lat' dir='ltr'><strong>opus</strong></span> <span class='ocrx_word' id='word_1_190' title='bbox 663 2640 731 2690; x_wconf 88' lang='lat' dir='ltr'><strong>erat</strong></span> <span class='ocrx_word' id='word_1_191' title='bbox 745 2626 801 2690; x_wconf 89' lang='lat' dir='ltr'><strong>tali</strong></span> <span class='ocrx_word' id='word_1_192' title='bbox 815 2625 1005 2690; x_wconf 83' lang='lat' dir='ltr'><strong>defensione.</strong></span> <span class='ocrx_word' id='word_1_193' title='bbox 1028 2629 1144 2712; x_wconf 87' lang='lat' dir='ltr'><strong>Neque</strong></span> <span class='ocrx_word' id='word_1_194' title='bbox 1157 2626 1244 2690; x_wconf 91' lang='lat' dir='ltr'><strong>enim</strong></span> 
     </span>
     <span class='ocr_line' id='line_1_24' title="bbox 214 2726 1246 2814; baseline -0.004 -20"><span class='ocrx_word' id='word_1_195' title='bbox 214 2728 350 2794; x_wconf 91' lang='lat' dir='ltr'><strong>dubium</strong></span> <span class='ocrx_word' id='word_1_196' title='bbox 371 2729 425 2806; x_wconf 89' lang='lat' dir='ltr'><strong>est,</strong></span> <span class='ocrx_word' id='word_1_197' title='bbox 445 2727 521 2814; x_wconf 91' lang='lat' dir='ltr'><strong>quin</strong></span> <span class='ocrx_word' id='word_1_198' title='bbox 541 2749 579 2791; x_wconf 91' lang='lat' dir='ltr'><strong>ea</strong></span> <span class='ocrx_word' id='word_1_199' title='bbox 591 2726 732 2791; x_wconf 88' lang='lat' dir='ltr'><strong>universe</strong></span> <span class='ocrx_word' id='word_1_200' title='bbox 753 2727 795 2790; x_wconf 90' lang='lat' dir='ltr'><strong>ad</strong></span> <span class='ocrx_word' id='word_1_201' title='bbox 816 2741 921 2791; x_wconf 87' lang='lat' dir='ltr'><strong>toturn</strong></span> <span class='ocrx_word' id='word_1_202' title='bbox 944 2729 1120 2792; x_wconf 88' lang='lat' dir='ltr'><strong>humanum</strong></span> <span class='ocrx_word' id='word_1_203' title='bbox 1138 2750 1246 2813; x_wconf 83' lang='lat' dir='ltr'><strong>genus</strong></span> 
     </span>
     <span class='ocr_line' id='line_1_25' title="bbox 216 2827 1247 2916; baseline -0.003 -21"><span class='ocrx_word' id='word_1_204' title='bbox 216 2829 360 2895; x_wconf 88' lang='lat' dir='ltr'><strong>retulerit</strong></span> <span class='ocrx_word' id='word_1_205' title='bbox 374 2842 481 2914; x_wconf 87' lang='lat' dir='ltr'><strong>poeta,</strong></span> <span class='ocrx_word' id='word_1_206' title='bbox 500 2827 597 2913; x_wconf 90' lang='lat' dir='ltr'><strong>idque</strong></span> <span class='ocrx_word' id='word_1_207' title='bbox 612 2850 651 2891; x_wconf 87' lang='lat' dir='ltr'><strong>ex</strong></span> <span class='ocrx_word' id='word_1_208' title='bbox 669 2829 881 2892; x_wconf 90' lang='lat' dir='ltr'><strong>communiet</strong></span> <span class='ocrx_word' id='word_1_209' title='bbox 896 2829 1080 2916; x_wconf 82' lang='lat' dir='ltr'><strong>pervulgata</strong></span> <span class='ocrx_word' id='word_1_210' title='bbox 1093 2829 1247 2914; x_wconf 82' lang='lat' dir='ltr'><strong>opinione</strong></span> 
     </span>
     <span class='ocr_line' id='line_1_26' title="bbox 215 2922 1246 3016; baseline -0.004 -21"><span class='ocrx_word' id='word_1_211' title='bbox 215 2931 257 2996; x_wconf 90' lang='lat' dir='ltr'><strong>de</strong></span> <span class='ocrx_word' id='word_1_212' title='bbox 274 2922 339 2994; x_wconf 81' lang='lat' dir='ltr'><strong>viia</strong></span> <span class='ocrx_word' id='word_1_213' title='bbox 356 2945 389 2994; x_wconf 88' lang='lat' dir='ltr'><strong>et</strong></span> <span class='ocrx_word' id='word_1_214' title='bbox 403 2929 585 2993; x_wconf 89' lang='lat' dir='ltr'><strong>conditione</strong></span> <span class='ocrx_word' id='word_1_215' title='bbox 605 2927 756 3007; x_wconf 89' lang='lat' dir='ltr'><strong>humana,</strong></span> <span class='ocrx_word' id='word_1_216' title='bbox 770 2941 808 2992; x_wconf 91' lang='lat' dir='ltr'><strong>ut</strong></span> <span class='ocrx_word' id='word_1_217' title='bbox 821 2928 977 3016; x_wconf 85' lang='lat' dir='ltr'><strong>laboriosa,</strong></span> <span class='ocrx_word' id='word_1_218' title='bbox 993 2932 1168 3015; x_wconf 67' lang='lat' dir='ltr'><strong>aerumnrfir,</strong></span> <span class='ocrx_word' id='word_1_219' title='bbox 1185 2930 1246 2992; x_wconf 86' lang='lat' dir='ltr'><strong>mi·</strong></span> 
     </span>
     <span class='ocr_line' id='line_1_27' title="bbox 204 3029 1247 3121; baseline -0.004 -24"><span class='ocrx_word' id='word_1_220' title='bbox 204 3035 300 3121; x_wconf 79' lang='lat' dir='ltr'><strong>sero:</strong></span> <span class='ocrx_word' id='word_1_221' title='bbox 323 3031 363 3096; x_wconf 90' lang='lat' dir='ltr'><strong>de</strong></span> <span class='ocrx_word' id='word_1_222' title='bbox 378 3053 441 3116; x_wconf 89' lang='lat' dir='ltr'><strong>qua</strong></span> <span class='ocrx_word' id='word_1_223' title='bbox 457 3029 607 3115; x_wconf 91' lang='lat' dir='ltr'><strong>opinione</strong></span> <span class='ocrx_word' id='word_1_224' title='bbox 622 3029 753 3092; x_wconf 84' lang='lat' dir='ltr'><strong>miseriae</strong></span> <span class='ocrx_word' id='word_1_225' title='bbox 771 3029 836 3114; x_wconf 91' lang='lat' dir='ltr'><strong>ipse</strong></span> <span class='ocrx_word' id='word_1_226' title='bbox 854 3030 1041 3094; x_wconf 88' lang='lat' dir='ltr'><strong>Plutarchus</strong></span> <span class='ocrx_word' id='word_1_227' title='bbox 1063 3030 1095 3093; x_wconf 91' lang='lat' dir='ltr'><strong>in</strong></span> <span class='ocrx_word' id='word_1_228' title='bbox 1119 3031 1247 3094; x_wconf 86' lang='lat' dir='ltr'><strong>Conso·</strong></span> 
     </span>
     <span class='ocr_line' id='line_1_28' title="bbox 214 3129 1248 3215; baseline -0.007 -16"><span class='ocrx_word' id='word_1_229' title='bbox 214 3133 335 3200; x_wconf 86' lang='lat' dir='ltr'><strong>latione</strong></span> <span class='ocrx_word' id='word_1_230' title='bbox 349 3130 390 3195; x_wconf 90' lang='lat' dir='ltr'><strong>ad</strong></span> <span class='ocrx_word' id='word_1_231' title='bbox 410 3129 619 3215; x_wconf 89' lang='lat' dir='ltr'><strong>Apollonium</strong></span> <span class='ocrx_word' id='word_1_232' title='bbox 638 3150 672 3214; x_wconf 89' lang='lat' dir='ltr'><strong>p.</strong></span> <span class='ocrx_word' id='word_1_233' title='bbox 690 3143 762 3212; x_wconf 87' lang='lat'><strong>115.</strong></span> <span class='ocrx_word' id='word_1_234' title='bbox 784 3151 821 3192; x_wconf 86' lang='lat' dir='ltr'><strong>ac</strong></span> <span class='ocrx_word' id='word_1_235' title='bbox 840 3142 910 3192; x_wconf 93' lang='lat' dir='ltr'><strong>toto</strong></span> <span class='ocrx_word' id='word_1_236' title='bbox 928 3129 993 3193; x_wconf 88' lang='lat' dir='ltr'><strong>fere</strong></span> <span class='ocrx_word' id='word_1_237' title='bbox 1015 3130 1095 3194; x_wconf 92' lang='lat' dir='ltr'><strong>libro</strong></span> <span class='ocrx_word' id='word_1_238' title='bbox 1114 3129 1248 3193; x_wconf 81' lang='lat' dir='ltr'><strong>disserit.</strong></span> 
     </span>
     <span class='ocr_line' id='line_1_29' title="bbox 214 3230 1247 3321; baseline -0.005 -20"><span class='ocrx_word' id='word_1_239' title='bbox 214 3239 258 3301; x_wconf 85' lang='lat' dir='ltr'><strong>Et</strong></span> <span class='ocrx_word' id='word_1_240' title='bbox 272 3246 397 3321; x_wconf 88' lang='lat' dir='ltr'><strong>poterat</strong></span> <span class='ocrx_word' id='word_1_241' title='bbox 410 3231 629 3316; x_wconf 86' lang='lat' dir='ltr'><strong>interpretatio</strong></span> <span class='ocrx_word' id='word_1_242' title='bbox 649 3230 857 3316; x_wconf 78' lang='lat' dir='ltr'><strong>grammatica</strong></span> <span class='ocrx_word' id='word_1_243' title='bbox 869 3231 1050 3316; x_wconf 74' lang='lat' dir='ltr'><strong>impliciter</strong></span> <span class='ocrx_word' id='word_1_244' title='bbox 1064 3232 1178 3311; x_wconf 86' lang='lat' dir='ltr'><strong>teneri,</strong></span> <span class='ocrx_word' id='word_1_245' title='bbox 1193 3247 1247 3296; x_wconf 87' lang='lat' dir='ltr'><strong>at·</strong></span> 
     </span>
     <span class='ocr_line' id='line_1_30' title="bbox 216 3331 1249 3426; baseline -0.006 -23"><span class='ocrx_word' id='word_1_246' title='bbox 216 3361 279 3426; x_wconf 91' lang='lat' dir='ltr'><strong>que</strong></span> <span class='ocrx_word' id='word_1_247' title='bbox 303 3339 349 3401; x_wconf 83' lang='lat' dir='ltr'><strong>ita</strong></span> <span class='ocrx_word' id='word_1_248' title='bbox 369 3335 409 3399; x_wconf 91' lang='lat' dir='ltr'><strong>ad</strong></span> <span class='ocrx_word' id='word_1_249' title='bbox 436 3333 589 3398; x_wconf 86' lang='lat' dir='ltr'><strong>moralem</strong></span> <span class='ocrx_word' id='word_1_250' title='bbox 616 3334 707 3397; x_wconf 91' lang='lat' dir='ltr'><strong>usum</strong></span> <span class='ocrx_word' id='word_1_251' title='bbox 735 3333 982 3411; x_wconf 87' lang='lat' dir='ltr'><strong>accommodari,</strong></span> <span class='ocrx_word' id='word_1_252' title='bbox 1010 3347 1048 3395; x_wconf 90' lang='lat' dir='ltr'><strong>ut</strong></span> <span class='ocrx_word' id='word_1_253' title='bbox 1068 3331 1108 3396; x_wconf 89' lang='lat' dir='ltr'><strong>ad</strong></span> <span class='ocrx_word' id='word_1_254' title='bbox 1132 3334 1249 3398; x_wconf 86' lang='lat' dir='ltr'><strong>mortis</strong></span> 
     </span>
     <span class='ocr_line' id='line_1_31' title="bbox 216 3432 1248 3519; baseline -0.006 -17"><span class='ocrx_word' id='word_1_255' title='bbox 216 3449 430 3512; x_wconf 83' lang='lat' dir='ltr'><strong>contemtum,</strong></span> <span class='ocrx_word' id='word_1_256' title='bbox 452 3432 687 3511; x_wconf 87' lang='lat' dir='ltr'><strong>fortitudinem,</strong></span> <span class='ocrx_word' id='word_1_257' title='bbox 710 3432 908 3518; x_wconf 85' lang='lat' dir='ltr'><strong>patientiam,</strong></span> <span class='ocrx_word' id='word_1_258' title='bbox 931 3432 1090 3519; x_wconf 88' lang='lat' dir='ltr'><strong>animique</strong></span> <span class='ocrx_word' id='word_1_259' title='bbox 1115 3434 1248 3519; x_wconf 90' lang='lat' dir='ltr'><strong>magni-</strong></span> 
     </span>
     <span class='ocr_line' id='line_1_32' title="bbox 216 3535 1249 3623; baseline -0.007 -15"><span class='ocrx_word' id='word_1_260' title='bbox 216 3539 362 3608; x_wconf 81' lang='lat' dir='ltr'><strong>tudinem</strong></span> <span class='ocrx_word' id='word_1_261' title='bbox 384 3539 561 3602; x_wconf 83' lang='lat' dir='ltr'><strong>referretur.</strong></span> <span class='ocrx_word' id='word_1_262' title='bbox 593 3536 741 3623; x_wconf 86' lang='lat' dir='ltr'><strong>Ejusdcm</strong></span> <span class='ocrx_word' id='word_1_263' title='bbox 756 3536 937 3623; x_wconf 87' lang='lat' dir='ltr'><strong>argumenti</strong></span> <span class='ocrx_word' id='word_1_264' title='bbox 953 3537 995 3600; x_wconf 89' lang='lat' dir='ltr'><strong>est</strong></span> <span class='ocrx_word' id='word_1_265' title='bbox 1009 3535 1131 3600; x_wconf 65' lang='lat' dir='ltr'><strong>dissum</strong></span> <span class='ocrx_word' id='word_1_266' title='bbox 1154 3536 1249 3601; x_wconf 89' lang='lat' dir='ltr'><strong>Iliad.</strong></span> 
     </span>
     <span class='ocr_line' id='line_1_33' title="bbox 217 3637 1249 3724; baseline -0.001 -21"><span class='ocrx_word' id='word_1_267' title='bbox 217 3643 253 3707; x_wconf 92' lang='lat' dir='ltr'><strong>P.</strong></span> <span class='ocrx_word' id='word_1_268' title='bbox 266 3643 342 3722; x_wconf 83' lang='lat'><strong>446.</strong></span> <span class='ocrx_word' id='word_1_269' title='bbox 364 3643 408 3702; x_wconf 79' lang='grc' dir='ltr'><strong>Οὐ</strong></span> <span class='ocrx_word' id='word_1_270' title='bbox 422 3639 472 3720; x_wconf 72' lang='grc' dir='ltr'><strong>μὲν</strong></span> <span class='ocrx_word' id='word_1_271' title='bbox 484 3638 543 3723; x_wconf 81' lang='grc' dir='ltr'><strong>γάρ</strong></span> <span class='ocrx_word' id='word_1_272' title='bbox 555 3637 585 3699; x_wconf 80' lang='grc' dir='ltr'><strong>σι’</strong></span> <span class='ocrx_word' id='word_1_273' title='bbox 601 3664 640 3699; x_wconf 76' lang='grc' dir='ltr'><strong>σε</strong></span> <span class='ocrx_word' id='word_1_274' title='bbox 661 3639 715 3710; x_wconf 73' lang='grc' dir='ltr'><strong>ὲςὶν</strong></span> <span class='ocrx_word' id='word_1_275' title='bbox 732 3638 900 3724; x_wconf 68' lang='grc' dir='ltr'><strong>ὀιζυρώτερον</strong></span> <span class='ocrx_word' id='word_1_276' title='bbox 916 3641 1006 3724; x_wconf 77' lang='grc' dir='ltr'><strong>ἀνδρὸς</strong></span> <span class='ocrx_word' id='word_1_277' title='bbox 1021 3639 1151 3717; x_wconf 75' lang='grc' dir='ltr'>Πάντων,</span> <span class='ocrx_word' id='word_1_278' title='bbox 1172 3638 1249 3702; x_wconf 77' lang='grc' dir='ltr'><strong><em>ὅσσα</em></strong></span> 
     </span>
     <span class='ocr_line' id='line_1_34' title="bbox 214 3738 1249 3827; baseline -0.002 -19"><span class='ocrx_word' id='word_1_279' title='bbox 214 3770 248 3808; x_wconf 78' lang='grc' dir='ltr'><strong>τι</strong></span> <span class='ocrx_word' id='word_1_280' title='bbox 271 3747 356 3827; x_wconf 77' lang='grc' dir='ltr'>γαῖαν</span> <span class='ocrx_word' id='word_1_281' title='bbox 381 3738 500 3803; x_wconf 70' lang='grc' dir='ltr'><strong><em>ἐσιπνεὶει</em></strong></span> <span class='ocrx_word' id='word_1_282' title='bbox 521 3765 552 3801; x_wconf 81' lang='grc' dir='ltr'><strong>τε</strong></span> <span class='ocrx_word' id='word_1_283' title='bbox 574 3740 621 3801; x_wconf 69' lang='grc' dir='ltr'><strong>καὶ</strong></span> <span class='ocrx_word' id='word_1_284' title='bbox 644 3739 733 3826; x_wconf 65' lang='grc' dir='ltr'><strong><em>ἕρπεις</em></strong></span> <span class='ocrx_word' id='word_1_285' title='bbox 756 3739 843 3825; x_wconf 92' lang='lat' dir='ltr'><strong>quod</strong></span> <span class='ocrx_word' id='word_1_286' title='bbox 865 3754 899 3803; x_wconf 87' lang='lat' dir='ltr'><strong>ct</strong></span> <span class='ocrx_word' id='word_1_287' title='bbox 921 3739 1108 3803; x_wconf 85' lang='lat' dir='ltr'><strong>Plutarchus</strong></span> <span class='ocrx_word' id='word_1_288' title='bbox 1131 3742 1249 3806; x_wconf 62' lang='lat' dir='ltr'><strong>tradat</strong></span> 
     </span>
     <span class='ocr_line' id='line_1_35' title="bbox 217 3839 1249 3931; baseline -0.006 -19"><span class='ocrx_word' id='word_1_289' title='bbox 217 3846 303 3931; x_wconf 91' lang='lat' dir='ltr'><strong>Opp.</strong></span> <span class='ocrx_word' id='word_1_290' title='bbox 322 3845 408 3906; x_wconf 88' lang='lat' dir='ltr'><strong>Mor.</strong></span> <span class='ocrx_word' id='word_1_291' title='bbox 431 3864 464 3928; x_wconf 90' lang='lat' dir='ltr'><strong>p.</strong></span> <span class='ocrx_word' id='word_1_292' title='bbox 479 3841 553 3926; x_wconf 89' lang='lat'><strong>496.</strong></span> <span class='ocrx_word' id='word_1_293' title='bbox 569 3840 607 3902; x_wconf 90' lang='lat' dir='ltr'><strong>B.</strong></span> <span class='ocrx_word' id='word_1_294' title='bbox 628 3855 703 3924; x_wconf 83' lang='lat'><strong>500.</strong></span> <span class='ocrx_word' id='word_1_295' title='bbox 727 3839 897 3925; x_wconf 87' lang='lat' dir='ltr'><strong>multisque</strong></span> <span class='ocrx_word' id='word_1_296' title='bbox 919 3840 1067 3904; x_wconf 78' lang='lat' dir='ltr'><strong>similibus</strong></span> <span class='ocrx_word' id='word_1_297' title='bbox 1088 3842 1249 3906; x_wconf 88' lang='lat' dir='ltr'><strong>Veterum</strong></span> 
     </span>
     <span class='ocr_line' id='line_1_36' title="bbox 121 3941 1249 4033; baseline -0.006 -18"><span class='ocrx_word' id='word_1_298' title='bbox 121 4020 126 4033; x_wconf 88' lang='lat'><strong>.</strong></span> <span class='ocrx_word' id='word_1_299' title='bbox 215 3945 379 4015; x_wconf 87' lang='lat' dir='ltr'><strong>sententiis</strong></span> <span class='ocrx_word' id='word_1_300' title='bbox 405 3943 534 4007; x_wconf 87' lang='lat' dir='ltr'><strong>illustrat</strong></span> <span class='ocrx_word' id='word_1_301' title='bbox 560 3944 592 4009; x_wconf 87' lang='lat' dir='ltr'><strong>J.</strong></span> <span class='ocrx_word' id='word_1_302' title='bbox 614 3944 781 4028; x_wconf 86' lang='lat' dir='ltr'><strong>Duportus</strong></span> <span class='ocrx_word' id='word_1_303' title='bbox 810 3941 1034 4027; x_wconf 87' lang='lat' dir='ltr'><strong>Gnomologiae</strong></span> <span class='ocrx_word' id='word_1_304' title='bbox 1059 3943 1249 4008; x_wconf 65' lang='lat' dir='ltr'><strong>Homerica.</strong></span> 
     </span>
     <span class='ocr_line' id='line_1_37' title="bbox 216 4042 1249 4138; baseline -0.004 -25"><span class='ocrx_word' id='word_1_305' title='bbox 216 4073 249 4138; x_wconf 88' lang='lat' dir='ltr'><strong>p.</strong></span> <span class='ocrx_word' id='word_1_306' title='bbox 265 4048 317 4135; x_wconf 79' lang='lat'><strong>98.</strong></span> <span class='ocrx_word' id='word_1_307' title='bbox 339 4045 494 4132; x_wconf 83' lang='lat' dir='ltr'><strong>Virgilius</strong></span> <span class='ocrx_word' id='word_1_308' title='bbox 507 4047 634 4131; x_wconf 76' lang='grc' dir='ltr'><strong><em>ὀϊζυροῖσι</em></strong></span> <span class='ocrx_word' id='word_1_309' title='bbox 648 4060 681 4108; x_wconf 88' lang='lat' dir='ltr'><strong>et</strong></span> <span class='ocrx_word' id='word_1_310' title='bbox 696 4047 804 4108; x_wconf 77' lang='grc' dir='ltr'><strong><em>δειλοῖσι</em></strong></span> <span class='ocrx_word' id='word_1_311' title='bbox 819 4042 956 4107; x_wconf 84' lang='lat' dir='ltr'><strong>reddidit</strong></span> <span class='ocrx_word' id='word_1_312' title='bbox 969 4043 1078 4127; x_wconf 80' lang='lat' dir='ltr'><strong>miseris</strong></span> <span class='ocrx_word' id='word_1_313' title='bbox 1092 4059 1126 4107; x_wconf 87' lang='lat' dir='ltr'><strong>et</strong></span> <span class='ocrx_word' id='word_1_314' title='bbox 1139 4046 1249 4132; x_wconf 52' lang='lat' dir='ltr'><strong>regem,</strong></span> 
     </span>
     <span class='ocr_line' id='line_1_38' title="bbox 217 4143 1246 4235; baseline -0.003 -20"><span class='ocrx_word' id='word_1_315' title='bbox 217 4152 351 4217; x_wconf 87' lang='lat' dir='ltr'><strong>mirilico</strong></span> <span class='ocrx_word' id='word_1_316' title='bbox 375 4146 513 4233; x_wconf 84' lang='lat' dir='ltr'><strong>quodam</strong></span> <span class='ocrx_word' id='word_1_317' title='bbox 539 4145 739 4213; x_wconf 83' lang='lat' dir='ltr'><strong>sublimitatis</strong></span> <span class='ocrx_word' id='word_1_318' title='bbox 761 4165 799 4208; x_wconf 89' lang='lat' dir='ltr'><strong>ac</strong></span> <span class='ocrx_word' id='word_1_319' title='bbox 822 4145 960 4208; x_wconf 88' lang='lat' dir='ltr'><strong>veritatis</strong></span> <span class='ocrx_word' id='word_1_320' title='bbox 982 4143 1082 4208; x_wconf 90' lang='lat' dir='ltr'><strong>seusu.</strong></span> <span class='ocrx_word' id='word_1_321' title='bbox 1122 4149 1246 4235; x_wconf 82' lang='lat' dir='ltr'><strong>Georg.</strong></span> 
     </span>
     <span class='ocr_line' id='line_1_39' title="bbox 218 4244 1248 4336; baseline -0.006 -18"><span class='ocrx_word' id='word_1_322' title='bbox 218 4254 281 4321; x_wconf 92' lang='lat' dir='ltr'><strong>Ill.</strong></span> <span class='ocrx_word' id='word_1_323' title='bbox 296 4254 355 4316; x_wconf 88' lang='lat'><strong>66:</strong></span> <span class='ocrx_word' id='word_1_324' title='bbox 381 4249 499 4336; x_wconf 82' lang='lat' dir='ltr'><strong>Optima</strong></span> <span class='ocrx_word' id='word_1_325' title='bbox 520 4270 645 4335; x_wconf 72' lang='lat' dir='ltr'><strong>querque</strong></span> <span class='ocrx_word' id='word_1_326' title='bbox 665 4246 726 4312; x_wconf 78' lang='lat' dir='ltr'><strong>dics</strong></span> <span class='ocrx_word' id='word_1_327' title='bbox 739 4244 848 4334; x_wconf 80' lang='lat' dir='ltr'><strong>miseris</strong></span> <span class='ocrx_word' id='word_1_328' title='bbox 862 4245 1035 4311; x_wconf 84' lang='lat' dir='ltr'><strong>mortalibus</strong></span> <span class='ocrx_word' id='word_1_329' title='bbox 1053 4246 1117 4310; x_wconf 79' lang='lat' dir='ltr'><strong>avi</strong></span> <span class='ocrx_word' id='word_1_330' title='bbox 1139 4248 1248 4312; x_wconf 83' lang='lat' dir='ltr'><strong>Prima</strong></span> 
     </span>
    </p>
   </div>
   <div class='ocr_carea' id='block_1_4' title="bbox 0 0 1355 4762">
    <p class='ocr_par' dir='ltr' id='par_1_7' title="bbox 0 0 1355 4762">
     <span class='ocr_line' id='line_1_40' title="bbox 0 0 1355 4762; baseline 0 0"><span class='ocrx_word' id='word_1_331' title='bbox 0 0 1355 4762; x_wconf 95' lang='lat' dir='ltr'><strong> </strong></span> 
     </span>
    </p>
   </div>
  </div>
 </body>
</html>
