2684 4762
239 317 298 376 160
380 315 419 374 D.
431 315 482 374 W.
502 313 710 375 ANIMADV.
730 312 778 372 IN
798 308 1124 373 romannorum.

281 479 376 543 Porro
402 479 435 543 in
459 478 546 542 tituli
568 478 752 566 profeffione
779 477 821 542 est
846 485 922 557 πῶς,
948 477 1096 564 quomodo,
1125 495 1191 539 non
1212 472 1263 556 dra,

234 581 330 665 quod:
351 580 413 645 hoc
428 581 526 659 enim,
538 582 683 668 ⁸y'rovoonem
697 580 800 643 debere
819 592 953 666 poemata
967 578 1141 665 cognoscere,
1156 591 1195 641 ut
1208 600 1264 642 ne·

234 681 313 744 mini
328 681 460 746 dubium
475 683 638 747 sumebat:
661 704 763 767 neque
777 682 874 744 etiam
888 679 1014 767 quaerit,
1028 679 1103 754 τίνας
1118 679 1165 757 καὶ
1179 679 1264 753 oola:

233 787 364 860 ποιητὰς,
379 807 448 869 quos
463 796 490 845 et
504 783 584 870 cujus
599 782 716 869 generis
735 794 836 868 portos
853 781 979 867 juvenis
999 780 1193 868 cognoscere
1207 779 1264 844 de·

232 880 326 945 beat:
356 882 501 969 exempla
527 884 661 968 apponit
685 904 724 945 ex
752 881 948 967 principibus
976 903 1100 960 eorum,
1127 902 1264 967 quorum

233 981 402 1048 lectionem
431 983 626 1049 consuetudo
654 984 863 1071 antiquissima
888 984 929 1048 ad
952 984 1182 1049 institutionem
1206 983 1262 1070 ju·

232 1085 372 1149 ventutis
401 1086 654 1150 consecraverat:
693 1087 850 1164 Homer0,
875 1085 1025 1164 Hefiodo,
1052 1085 1261 1165 Archilocho,

226 1185 379 1264 Pindaro,
395 1185 571 1266 Simonide,
583 1185 783 1273 Theognide,
798 1186 963 1274 AEschylo,
979 1185 1151 1272 Sophocle,
1168 1187 1260 1251 Euri·

229 1285 317 1371 pide,
346 1287 538 1353 Menandro.
582 1289 669 1351 Nam
696 1286 748 1351 alii
775 1288 794 1350 s:
822 1288 877 1375 qui
904 1288 1122 1366 nominantur,
1151 1289 1260 1352 Xeno·

232 1388 367 1472 phanes,
389 1389 614 1474 Empedocles,
639 1390 842 1468 Philoxenus,
866 1412 932 1454 non
955 1404 992 1453 ut
1016 1393 1124 1455 Poeta:
1145 1390 1186 1454 ab
1206 1387 1259 1475 ju·

232 1493 328 1556 venili
348 1506 442 1556 aetate
456 1492 581 1557 trattati
595 1492 800 1571 tradendae,
817 1490 869 1557 sed
883 1491 968 1556 nude
984 1506 1022 1555 ut
1043 1489 1180 1578 alicujus
1193 1491 1260 1556 sen-

230 1592 344 1655 tentiae
360 1592 504 1658 auctores
519 1605 748 1656 memorantur.

272 1695 346 1758 Jam
371 1693 433 1757 hoc
455 1694 555 1780 ipsum
578 1703 652 1773 πῶς,
675 1694 826 1781 quomodo,
852 1718 911 1781 quo
933 1692 1048 1756 ratione
1059 1694 1189 1779 juvenis
1205 1706 1260 1779 po·

229 1804 295 1857 etas
317 1795 481 1881 cognoscere
500 1795 615 1874 debeat,
630 1817 731 1881 quum
750 1794 813 1858 late
832 1806 950 1879 pateat,
965 1807 998 1857 et
1017 1793 1136 1858 multae
1150 1794 1260 1857 varias·

231 1916 294 1981 que
315 1895 432 1959 habeat
449 1909 575 1981 partes:
606 1894 667 1974 vel,
685 1894 848 1980 quomodo
866 1893 1019 1957 facillima
1033 1893 1261 1980 certiffimaque
1298 1896 1301 1905 '

229 1997 280 2060 via
299 1995 340 2077 ad
364 2019 476 2061 eorum
498 1995 742 2083 intelligentiam
765 1993 982 2081 perveniatur:
1010 1992 1072 2073 rel,
1095 1993 1260 2080 quomodo

224 2099 288 2163 ‹sint
310 2096 555 2186 pronunciandi,
575 2096 741 2176 recitandi,
764 2095 920 2160 discendi:
944 2095 1005 2173 vel,
1023 2093 1064 2159 ad
1087 2112 1260 2180 quemnam

178 2349 183 2358 .
222 2322 271 2363 an
280 2298 320 2362 ad
328 2298 443 2384 judicii
457 2298 662 2384 elegantiam,
677 2320 716 2360 an
732 2296 773 2360 ad
788 2296 907 2383 ingenii
918 2297 1057 2376 cultum,
1071 2319 1112 2360 an
1127 2294 1168 2360 ad
1181 2295 1260 2361 doc-

231 2399 322 2463 trinae
342 2413 578 2475 ornamentum,
594 2419 634 2460 an
650 2397 690 2460 ad
705 2396 867 2461 liberalem
883 2397 980 2460 animi
1000 2396 1260 2476 oblectationem,

206 2488 272 2563 an
293 2499 430 2584 denique
456 2497 497 2562 ad
518 2497 642 2562 virtutis
668 2497 896 2582 honestatisque
921 2496 1073 2576 fructum,
1099 2497 1262 2584 vitamque

230 2598 404 2684 prudenter
427 2598 619 2685 regendam:
644 2621 708 2662 una
729 2599 784 2662 illa
806 2599 963 2685 postremo
987 2598 1061 2663 loco
1081 2598 1168 2664 dicia
1189 2620 1261 2684 paro

229 2701 382 2766 tractatur
398 2715 430 2764 et
453 2701 522 2764 haec
543 2700 607 2786 ipsa
627 2723 691 2765 non
715 2716 795 2778 tota,
821 2700 873 2764 sed
894 2700 1031 2786 partim,
1065 2723 1129 2766 non
1153 2700 1262 2766 utria

228 2801 421 2881 ostendatur,
437 2824 501 2887 qua
521 2802 688 2865 Poetarum
706 2801 802 2866 lettio
823 2801 979 2887 dirigatur
1000 2802 1041 2866 ad
1063 2801 1190 2866 virtutis
1212 2802 1259 2867 fe-

229 2900 420 2986 licitatisque
439 2901 664 2985 adeptionem:
689 2901 742 2966 sed
764 2916 801 2965 ut
823 2916 983 2986 praecepta
1003 2901 1182 2981 tradantur,
1206 2922 1261 2987 per

227 3028 300 3092 quae
325 3027 502 3084 caveamus,
521 3027 561 3068 no
586 3007 756 3068 Poetarum
779 3025 838 3066 nos
859 3002 954 3066 ledia
973 3001 1014 3067 de
1035 3003 1130 3067 rebus
1147 3002 1260 3067 divinis

227 3106 437 3192 humanisque
456 3106 596 3192 perverse
616 3105 729 3169 sentire
748 3127 785 3168 ac
801 3103 948 3190 judicare
968 3101 1160 3183 assuefaciat,
1183 3126 1258 3190 pro·

227 3207 391 3293 positoque
412 3206 538 3272 virtutis
561 3207 666 3270 fructu
688 3206 861 3270 frustretur.
905 3204 1009 3290 lgitur
1028 3218 1258 3290 argumentum

228 3310 485 3397 propositumque
498 3309 569 3374 libri
584 3309 633 3373 his
647 3308 732 3394 quasi
750 3307 866 3371 sinibus
882 3307 1085 3370 continetur:
1111 3308 1256 3372 Quomodo

217 3414 346 3498 juvenis
360 3427 495 3500 poemata
517 3413 615 3500 Icgcre
627 3411 741 3489 debeat,
757 3422 790 3472 ut
804 3409 851 3471 nil
868 3409 937 3471 inde
954 3433 1006 3471 nec
1016 3408 1135 3495 judicio
1154 3409 1258 3472 erroris

227 3517 264 3576 de
285 3515 368 3579 rebus
385 3515 581 3601 grooffmis,
605 3539 656 3578 nec
677 3514 773 3577 animo
790 3525 818 3575 ct
837 3509 963 3574 moribus
982 3509 1148 3595 pravitatis
1159 3510 1257 3598 sipii-

247 3628 303 3679 rut.

224 3630 245 3703 p
269 3715 359 3781 Dicit
378 3728 523 3804 poemata,
543 3716 701 3780 universe:
730 3737 789 3779 nec
812 3715 923 3777 Poetae
942 3710 1107 3798 quosdam,
1130 3723 1188 3775 aut
1207 3709 1256 3775 lo·

224 3842 280 3885 cos
298 3839 421 3897 eorum,
442 3831 499 3882 aut
516 3839 635 3904 genera
648 3829 833 3903 poematum
847 3813 1005 3878 excludit:
1029 3833 1090 3877 nec
1103 3810 1257 3889 selectum

225 3936 258 3986 et
272 3919 401 4007 eclogas
416 3918 527 3983 suadet
541 3918 685 3982 locorum
701 3915 950 4001 probandorum,
967 3935 1027 3978 nec
1046 3912 1257 3978 exseaionem

224 4021 525 4110 improbandorum:
550 4020 595 4082 ita
615 4018 743 4093 disserit,
762 4032 800 4081 ut
822 4018 842 4079 s:
865 4029 950 4080 totos
972 4027 1006 4079 et
1027 4014 1170 4100 integros
1192 4009 1257 4099 legi

224 4126 315 4189 velit:
339 4139 373 4188 et
387 4122 530 4209 loquitur
545 4121 584 4185 de
600 4120 716 4202 Poetis,
729 4119 784 4204 qui
797 4117 893 4202 vulgo
908 4116 940 4180 in
956 4115 1071 4180 scholis
1084 4129 1118 4180 et
1131 4114 1254 4179 institu-

224 4227 312 4294 tione
325 4227 455 4313 puerilis
470 4225 573 4293 aeuus
587 4223 781 4290 terebantur.
803 4222 930 4285 Horum
945 4216 1141 4286 carminibus
1152 4236 1254 4303 quum
