2684 4762
252 352 306 418 DE
327 351 502 420 anuum.
524 350 758 420 PUERORUM.
778 379 806 437 p.
820 368 864 418 ιο.
880 348 1092 426 F.-11.a‚'·B.
1136 365 1194 433 129

154 542 253 600 σαντν,
269 524 449 611 φθεγξαμένῳ
463 526 488 587 δὲ
502 525 656 598 πολλάκιςε
681 546 752 610 quae
768 522 836 609 ipsrs
851 523 950 587 verbis
965 515 1037 587 sunt
1051 505 1208 584 iliano..

159 623 203 686 do
230 627 368 711 apposita
392 626 552 692 Plutarchi
577 649 610 713 p.
630 642 702 709 125.
723 626 779 690 D:
813 639 847 690 et
872 626 949 689 item
976 626 1033 688 sub
1060 623 1191 687 nomine

159 725 325 810 Apollonii
353 727 505 813 leguntur
531 729 564 791 in
594 730 723 792 Stobaeo
750 728 854 791 Serm.
879 729 1038 790 XXXIII.
1066 748 1099 811 p.
1116 745 1190 806 214.

152 827 220 891 2Th.
241 828 421 893 Gatakerus
444 828 609 893 Adversar.
632 827 791 893 l’osthum.
814 828 895 914 Cap.
915 829 1042 890 XXXI.
1068 849 1101 912 p.
1117 840 1190 911 759.

158 927 229 991 haec
252 927 390 993 contulit
410 951 487 994 cum
509 929 708 993 Menandrea
730 927 896 1007 sententia,
912 925 1046 990 Ἅπαντα
1066 924 1190 1007 μεταμέ-

156 1041 233 1089 λειαν
247 1029 398 1116 ἀνθρώποις
411 1029 494 1117 φέρεν,
510 1029 593 1106 Μόνη,
602 1032 688 1106 σιωπὴ
702 1029 888 1110 μεταμέλειαν
903 1032 931 1089 ου’
945 1026 1026 1112 piper.

204 1147 254 1192 10.
268 1133 302 1192 F.
318 1131 376 1193 οἶδα
389 1129 512 1213 ἀνιάσας]
537 1131 641 1195 Fando
655 1131 773 1209 audivi,
790 1130 940 1194 consueta
954 1128 1192 1215 significatione.

156 1231 209 1295 Est
228 1231 282 1294 ubi
302 1246 404 1312 notat,
425 1231 488 1295 Scio
508 1257 553 1295 me
571 1232 679 1295 audivi
701 1257 727 1296 e.
763 1230 919 1297 Videatur
935 1231 1129 1296 Abreschius
1151 1232 1192 1297 ad

153 1332 336 1398 Arillaenet.
354 1336 380 1397 Ι.
395 1355 428 1415 4.
444 1355 475 1418 p.
493 1334 543 1398 18.

198 1455 233 1520 p.
250 1454 299 1498 11.
314 1438 357 1499 A.
379 1441 424 1498 Ta
437 1426 766 1517 Φιλαὸἔλοο-Σονάδης
780 1434 926 1522 elada-24
954 1439 1006 1501 De
1028 1434 1191 1503 Ptolemaei

156 1534 356 1622 Philadelphi
377 1559 452 1600 curn
475 1537 580 1601 sorore
596 1537 728 1601 Arfinoe
744 1537 863 1625 nuptiis
878 1539 1021 1602 videatur
1041 1539 1081 1602 ad
1104 1541 1189 1603 Sim-

155 1636 223 1701 soni
239 1637 361 1701 Chron.
377 1640 475 1702 Anno
489 1639 534 1702 A.
548 1638 588 1702 C.
603 1656 640 1722 27
643 1655 676 1723 5.
692 1640 825 1704 omnino
840 1643 1078 1729 Welselingius.
1095 1645 1189 1708 Sota·

152 1739 204 1802 dis
218 1755 322 1826 poetae
337 1739 558 1804 maledicentia
578 1757 610 1804 et
630 1742 818 1806 obscoenitas
837 1743 975 1808 Sotadeo
991 1745 1123 1808 carmini
1140 1746 1189 1808 in-

155 1841 286 1905 famiam
309 1841 447 1906 nominis
468 1841 611 1907 addidit:
640 1841 765 1928 quade
788 1866 821 1908 re
846 1845 917 1908 satis
939 1846 982 1907 cst
1006 1847 1191 1911 memorasse

148 1945 257 2009 uirum
272 1966 311 2008 ex
326 1944 554 2008 recentioribus
574 1944 750 2007 Fabricium
766 1945 849 2007 Bibl.
866 1946 922 2008 Gr.
939 1945 1014 2009 Vol.
1030 1948 1055 2008 I.
1071 1967 1103 2031 p.
1116 1950 1190 2032 789.

153 2044 207 2110 De
227 2045 290 2113 hoc
309 2045 375 2131 ipso
390 2045 423 2108 in
440 2044 684 2129 Philadelphum
701 2044 789 2130 jacio
804 2045 892 2108 versu
911 2068 975 2108 non
995 2061 1191 2130 pratereun-

152 2147 216 2213 dus
237 2149 280 2213 est
301 2148 482 2212 Athenaeus
497 2148 590 2210 XlV.
613 2171 647 2234 p.
662 2151 736 2212 620.
753 2161 785 2211 et
800 2149 874 2211 621.
894 2147 934 2211 de
955 2148 1072 2212 Sotade
1086 2163 1119 2213 et
1133 2151 1194 2215 alia

152 2265 189 2314 ot
202 2240 269 2315 lloc
279 2251 418 2314 referens
433 2275 441 2312 τ
466 2251 561 2336 εἰρήκει
575 2254 634 2335 γὰρ
650 2253 684 2322 εἰς
697 2252 743 2312 τὸν
756 2249 880 2328 βασιλέα
900 2255 1077 2332 Πτολεμαῖον
1089 2257 1193 2315 πολλοὶ

153 2356 238 2431 δεινοὶ,
253 2358 328 2441 drale
342 2353 388 2432 aa)
401 2354 474 2433 τάδε,
490 2351 532 2416 ὅτε
547 2358 594 2431 τὴν
608 2342 729 2436 Ιἀδελφὴν
745 2353 885 2440 Ἀρσινόην
899 2355 1080 2439 ἐγεγαμήκει,
1104 2362 1127 2395 “
1142 2362 1193 2433 Εἷς

153 2463 179 2497 “
194 2460 238 2544 ἐχ
252 2457 326 2534 ὁσίην
338 2456 493 2545 τονμαλῖην
503 2458 535 2518 τὸ
550 2454 656 2544 air-egos
670 2458 775 2530 dash?
803 2455 970 2542 Πάτροκλος
986 2453 1016 2519 ὃν
1032 2462 1093 2520 irai
1108 2461 1189 2521 Πτο-

151 2559 259 2641 hepatis
273 2561 410 2647 ςρατηγός
429 2565 455 2623 ὃν
473 2559 574 2644 Καύνῳ
593 2563 629 2645 vj
648 2559 718 2644 νῆσῳ
738 2553 831 2620 hassia
846 2559 927 2620 αὐτὸν
946 2556 992 2638 καὶ
1013 2562 1048 2633 εἰς
1069 2559 1190 2640 μολόὸην

152 2661 291 2749 κεραμίδα
315 2660 454 2745 spendo,
475 2659 521 2742 aa)
543 2660 696 2747 ἀναγαγὼν
717 2666 753 2734 εἰς
777 2662 809 2723 τὸ
832 2661 965 2747 πέλαγος
988 2662 1190 2727 κατεπόντωσε.

152 2763 242 2828 Hinc
264 2765 319 2829 sua
340 2763 437 2828 hahet
456 2762 636 2826 Eustathius
658 2760 808 2827 eumdem
825 2763 946 2827 versum
969 2785 1133 2851 apponens
1148 2764 1190 2828 ad

127 2911 130 2916 -
152 2863 193 2928 ll.
209 2869 254 2928 Π.
278 2887 311 2952 p.
328 2866 421 2950 1069.
440 2882 490 2926 11.
526 2863 668 2928 Breviter
685 2886 753 2928 rem
772 2878 876 2927 narrat
898 2864 1007 2929 Schol.
1024 2866 1189 2951 Hephaest.

150 2986 185 3052 p.
201 2967 234 3028 6.
277 2965 400 3052 attigit
418 2964 527 3030 locum
546 2978 580 3029 et
593 2964 823 3030 Valckenarius
845 2964 886 3028 ad
908 2967 1017 3051 Eurip.
1041 2966 1189 3030 Phoeniss.

150 3088 186 3154 p.
202 3069 278 3131 600.
313 3066 427 3132 Eidem
447 3066 516 3153 regi
538 3066 570 3130 in
592 3066 704 3131 eadem
722 3067 824 3131 caussa
838 3066 985 3131 adulatus
1000 3069 1042 3131 est
1057 3069 1188 3154 rhapso-
1303 3116 1305 3121 -

140 3158 213 3231 'dus
227 3166 403 3233 Homerico
417 3167 517 3247 versu,
532 3166 619 3254 quod
634 3166 741 3253 prodit
755 3167 943 3232 Plutarchus
962 3170 1109 3255 Syrnpos.
1128 3170 1188 3235 IX.

150 3290 186 3354 p.
204 3268 278 3351 736.
293 3269 340 3332 E:
363 3266 409 3348 νο)
423 3273 437 3330 ὁ
451 3268 502 3349 μὲν
515 3270 638 3354 ῥαψῳδὸς
657 3269 734 3341 εὐθὺς
749 3266 778 3343 ἦν
792 3271 837 3330 διαὶ
850 3268 969 3348 §sparos
982 3273 1078 3347 πᾶσιν,
1094 3274 1120 3331 ἓν
1133 3274 1189 3346 τοῖς

153 3351 442 3453 Πτολιμαίνογάμονς
455 3367 580 3454 ἆγομένν
597 3372 644 3445 τὴν
662 3370 791 3450 ἀδελφὴν,
808 3368 973 3453 ᾑσςᾶγμα
988 3371 1050 3454 δρᾴν
1064 3370 1187 3436 ἄλλο’κο-

150 3494 200 3533 τον
213 3470 319 3552 οἰομένω
334 3469 381 3551 sol
393 3469 528 3553 ἄθεσμον,
542 3469 691 3556 ἀρξάμενος
710 3471 763 3531 ἀπὸ
781 3476 834 3532 τῶν
851 3473 919 3532 ἐπῶν
941 3469 1054 3551 ἐκείνων,
1081 3478 1106 3512 “
1120 3477 1189 3552 Ζεὺς

147 3580 176 3623 ·“
192 3574 214 3635 δ’
223 3570 314 3660 ‘ligas
328 3574 466 3637 ἐκάλεσσε
479 3574 647 3657 anonymis
661 3569 767 3657 ἄλοχόν
779 3573 836 3634 τε.”
872 3571 924 3635 Est
947 3571 985 3636 ll.
1002 3576 1045 3638 Π.
1059 3595 1135 3662 432.
1154 3591 1189 3643 et

152 3672 192 3741 Σ.
205 3674 280 3757 356.
295 3671 352 3738 ubi
364 3672 485 3759 legitur
496 3670 646 3760 προσέειπε.
676 3672 730 3735 Ab
743 3670 854 3735 eadem
867 3673 1102 3759 comparatione
1115 3674 1187 3741 lau·

148 3773 315 3839 dationem
344 3771 510 3838 Ptolemaei
533 3772 624 3836 duxit
646 3772 836 3838 Theocritus
862 3773 956 3862 Idyll.
978 3777 1087 3842 XVII.
1114 3796 1186 3861 130.

149 3872 347 3962 Hujusmodi
370 3872 566 3939 matrimonii
588 3873 771 3960 exemplum
795 3875 836 3939 ab
856 3876 1021 3963 AEgyptiis
1047 3889 1185 3953 venerat,

149 3973 270 4064 quibus
280 3976 335 4040 iste
345 3999 418 4042 mos
431 3975 552 4062 patrius
568 3989 602 4040 et
617 3975 780 4062 legitimus
795 3976 875 4041 suit:
899 3991 937 4040 ut
951 3976 1046 4042 docet
1060 3976 1185 4042 Wesl'e·

149 4077 272 4164 lingius
286 4075 326 4141 ad
339 4076 475 4142 Diodor.
491 4076 556 4142 Sic.
573 4077 600 4142 I.
614 4093 666 4161 νγ.

196 4199 249 4246 11.
261 4182 305 4260 A,
315 4179 355 4244 B.
378 4179 712 4269 Θοόκςθος-οποςφῦρεος
724 4179 835 4267 Ὁμῆςε
849 4179 981 4263 θάνατος]
1006 4176 1185 4245 Athenaeus

149 4305 192 4351 ex
204 4280 449 4371 Agatharchide
462 4297 497 4349 et
512 4280 689 4370 Phylarcho
699 4282 777 4346 XII.
793 4302 826 4369 p.
836 4293 911 4365 539.
925 4282 961 4344 F.
976 4279 1040 4366 seq.
1049 4277 1184 4366 Ἔγραψε

199 4404 286 4452 vor..
303 4404 357 4453 vr.
669 4402 695 4451 κ
