2684 4762
167 330 224 382 158
303 317 341 379 D.
356 321 406 379 W.
427 320 635 379 ANIMADV.
655 321 703 380 IN
723 320 954 380 PLUTARCHI
974 320 1050 380 Lm.

163 504 238 546 narn
260 479 293 546 in
315 478 479 548 codicibus
496 479 629 548 Venetis
652 480 749 570 hujus
767 480 916 568 Catulogi
935 482 1040 547 Num.
1056 478 1188 549 CLXX.

164 584 207 647 est
229 585 287 669 περὶ
307 586 473 666 ποιημάτων,
489 596 523 649 et
540 585 642 648 Num.
660 584 828 647 CLXXII.
843 582 884 656 τίς
901 588 1012 660 {patitui
1030 582 1186 665 ἔτιμίλοιοιε

163 707 258 770 porro
273 684 303 748 in
319 685 432 748 eodem
447 684 602 772 Catalogo
617 687 724 749 Num.
740 685 863 749 LVlll.
885 685 951 771 περὶ
968 692 1115 763 οτοιητικῆς
1132 687 1187 751 ali·

164 785 222 864 ud,
237 808 333 872 quam
350 786 445 873 hujus
459 787 542 866 libri,
558 787 646 850 estet
661 809 778 851 nomen
793 800 827 850 et
840 802 1081 873 argumentum,
1095 786 1188 874 idque

163 887 266 974 magis
280 887 426 951 uhtatum
442 910 478 952 ac
500 889 682 952 trattaturn.
721 886 908 952 Plutarchus
924 887 1055 974 quidem
1073 908 1188 953 nomen

163 990 219 1054 suo
239 988 320 1054 libro
338 990 443 1053 sumsit
456 1012 474 1054 a
489 989 656 1076 Chrysrppi
678 990 771 1069 libr0‚
791 990 922 1077 cognito
936 990 1029 1054 nobis
1050 1013 1089 1055 ex
1108 993 1188 1057 Dio-

162 1091 253 1178 genis
271 1091 389 1155 Laertii
403 1091 566 1155 mentione
581 1092 657 1154 Vll.
675 1111 749 1158 200.
763 1092 830 1179 περὶ
850 1097 886 1154 τῦ
907 1100 971 1166 erreis
988 1095 1024 1155 δεῖ
1037 1101 1091 1156 τῶν
1104 1120 1187 1172 ποιη-

21 1233 26 1243 -
160 1194 257 1281 μάτων
271 1192 376 1272 ἀκέων,
393 1192 503 1257 addito
522 1195 567 1256 τὸν
581 1191 647 1272 νέον,
665 1217 731 1280 quo
751 1193 852 1281 magis
873 1194 1050 1274 confilium,
1066 1209 1100 1258 et
1114 1208 1186 1258 aeta·

161 1310 241 1375 tem,
256 1295 310 1359 cui
324 1294 482 1374 scriberet,
503 1293 687 1359 declararet.
726 1299 767 1359 Et
781 1309 854 1359 ante
869 1295 971 1372 illum,
988 1296 1063 1360 telle
1075 1296 1186 1360 eodem

162 1396 290 1461 laertio
304 1399 428 1478 V11.4.
452 1397 543 1462 seila
565 1396 660 1484 hujus
679 1396 827 1462 conditor
840 1399 930 1463 Zeno
947 1397 1064 1464 librum
1079 1396 1186 1460 edide-

161 1509 212 1559 rat
224 1497 284 1583 τις)
298 1503 434 1574 ποιητικῆς
447 1499 620 1586 ἀκροάσεως,
635 1500 672 1561 ‹se
684 1499 794 1586 poetica
809 1497 970 1575 auditione,
986 1496 1019 1560 id
1038 1498 1093 1576 esi,
1119 1521 1187 1585 quo·

160 1599 242 1662 modo
258 1609 353 1686 poetae
366 1600 508 1662 audiendi
518 1601 595 1685 stur.
632 1602 719 1664 Nam
734 1600 797 1664 late
811 1600 939 1685 patebat
954 1599 1005 1663 hic
1021 1597 1113 1663 locus
1125 1621 1185 1662 non

161 1698 263 1763 solum
277 1721 335 1786 per
350 1700 614 1788 Philosophorum
629 1702 762 1780 scholas,
781 1701 833 1764 sed
851 1724 907 1789 per
922 1714 1023 1764 totam
1037 1699 1110 1763 vitae
1125 1700 1186 1763 hu·

162 1823 277 1882 manae,
292 1804 428 1868 maxime
437 1803 627 1890 juventutis,
642 1804 881 1868 institutionem.
905 1805 979 1891 Quo
993 1802 1097 1889 magis
1110 1825 1187 1888 ope-r

157 1924 202 1966 rae
228 1903 365 1988 pretium
388 1927 446 1969 nos
473 1905 612 1970 l'adturos
638 1904 848 1969 existimanus
875 1903 1038 1970 Plutarchi
1060 1902 1184 1971 confilio

159 2002 345 2092 diligentius
359 2006 559 2093 explicando,

352 2314 414 2377 DE
436 2313 672 2378 PROPOSITO
694 2313 840 2377 HUJUS
862 2313 992 2377 LIBRI.

201 2510 268 2600 Qui
294 2512 417 2598 primus
446 2514 650 2580 Plutarclreos
674 2514 811 2578 morales
836 2514 932 2580 libros
958 2515 1004 2580 ita
1024 2515 1186 2603 disposuit,
1243 2582 1246 2587 ,

158 2611 219 2676 five
240 2612 344 2678 Aldus
365 2616 545 2693 Manutius,
568 2615 626 2679 srve
645 2615 804 2700 antiquior
823 2616 979 2695 librarius,
998 2631 1036 2681 ut
1050 2617 1111 2682 hos
1125 2631 1186 2683 trec

156 2735 209 2792 co,
224 2735 289 2799 quo
307 2737 392 2779 nunc
407 2717 490 2795 sunt,
504 2715 615 2780 ordine
633 2715 666 2779 in
683 2716 837 2803 principio
857 2732 1002 2802 poneret,
1022 2718 1050 2782 iu
1071 2740 1184 2805 quam·

156 2813 231 2878 dam
259 2816 451 2901 argumenti,
481 2831 614 2896 naturae,
640 2832 673 2880 et
697 2817 893 2903 antiquitatis
920 2819 1077 2883 rationem
1100 2819 1185 2906 sequi

155 2914 269 2980 voluit.
301 2915 386 2980 Nam
402 2939 421 2980 a
435 2931 550 2981 natura
563 2917 833 3002 proficiscentibus
847 2933 1022 2983 occurrunt
1035 2918 1184 3007 deincep·

153 3013 289 3100 γέννησις,
302 3020 397 3103 τροφὴ,
411 3016 537 3096 παιδεία,
552 3021 664 3101 ἀγωγὴ,
679 3017 766 3102 quod
784 3019 826 3082 est
843 3035 1073 3105 argumentum
1087 3020 1185 3086 libelli

154 3116 204 3179 De
225 3117 420 3182 Educatiorre.
466 3120 561 3182 Porro
583 3119 616 3181 in
639 3118 766 3192 οταιδάας
788 3119 930 3204 partibus
953 3119 1026 3185 duoe
1049 3121 1183 3186 suntad

154 3222 322 3311 ingenium
344 3226 552 3311 animumque
574 3225 776 3289 formandum
792 3227 964 3313 principes,
978 3245 1013 3292 et
1025 3231 1182 3296 Veterum

154 3327 213 3390 usu
226 3328 406 3408 celebrata,
431 3329 600 3393 Poetarum
621 3326 727 3405 lectio,
742 3341 775 3390 et
791 3322 1054 3414 Philosophorum
1070 3331 1190 3417 cogni-t

155 3427 222 3491 tio:
253 3428 321 3506 illa,
346 3431 432 3515 prior
452 3442 487 3495 et
508 3428 652 3515 pueritiae
674 3428 833 3516 adjuncla,
858 3430 920 3494 hoc
941 3430 1009 3517 ipso
1033 3432 1118 3496 libro
1136 3432 1183 3496 Dc

153 3527 253 3590 Poetis
266 3531 434 3594 Audiendis
448 3530 615 3616 explicita:
640 3530 721 3610 haec,
743 3531 892 3616 posterior
905 3545 1028 3596 etcum
1044 3533 1183 3599 ineuntis

153 3625 374 3693 adolescentia
401 3631 507 3695 studiis
531 3631 713 3716 conjuncta,
739 3633 884 3717 proximo
910 3634 992 3700 libro
1014 3637 1065 3699 De
1092 3637 1181 3702 Reda

151 3727 305 3791 Audienda·
326 3728 449 3793 Ratione
467 3729 636 3796 declarata.
681 3732 744 3797 Sed
766 3733 818 3798 isle
838 3736 887 3797 De
900 3736 1090 3801 Educatione
1109 3740 1181 3825 spu-

123 3827 127 3840 '
150 3824 218 3888 rius
239 3825 301 3888 est:
325 3824 360 3890 hi
381 3828 527 3914 germani
549 3829 674 3895 suntet
696 3853 767 3895 vere
786 3853 825 3896 ex
848 3832 1037 3900 Plutarchco
1051 3835 1184 3925 ingenio

150 3924 286 4013 profecti
301 3925 383 3992 libri.

195 4027 282 4092 Huic
297 4026 383 4092 tituli
401 4029 546 4113 professio
566 4032 608 4094 est
626 4034 692 4117 oripi
708 4039 745 4096 τῦ
762 4043 818 4108 πῶς
838 4037 874 4098 δεῖ
891 4039 937 4099 τὸν
950 4036 1004 4101 νέον
1016 4038 1179 4123 compulruit

148 4129 265 4207 ἀκούειν,
277 4131 415 4215 quomodo
419 4130 545 4215 juvenis
557 4145 695 4217 poemata
709 4135 813 4197 audire
824 4136 941 4217 debeat,
955 4137 989 4203 id
1003 4141 1057 4220 est,
1072 4140 1177 4227 legere,

150 4225 325 4314 intelligere.
356 4232 444 4298 Nam
456 4229 562 4313 οἰκέειν,
578 4235 695 4314 audire,
709 4236 836 4322 proprie
850 4238 982 4325 quidem
993 4241 1039 4307 cst
1051 4241 1180 4306 aliorum
