2684 4762
350 334 405 396 Du
425 332 652 396 AUDIENDIS
673 334 819 395 POETIS.
838 353 868 412 p.
884 343 930 394 15.
942 333 981 393 D.
1127 338 1184 404 177

149 495 240 582 quod
267 499 377 564 retulit
401 501 621 580 casaubonus,
644 497 816 564 Animadv.
842 498 901 562 lx.
923 517 957 580 4.
983 501 1019 585 p!
1039 497 1112 582 782.
1136 497 1181 560 F:

115 677 120 687 .
150 598 320 664 κατάέαλλε
339 604 476 683 rendere,
496 605 610 670 κυλίκιον
630 602 706 692 uigori
725 608 764 666 rol
782 603 917 685 μέζον-ν
942 625 1013 688 quae
1027 624 1092 666 non
1105 598 1185 664 item

151 702 301 788 expedita
322 705 405 784 sunt,
426 718 466 770 ut
486 706 642 793 proxima,
660 704 804 770 adhibita
817 703 1030 769 Valckenario
1047 703 1184 769 Diatrib.

151 801 184 867 in
209 804 355 890 Euripid.
379 808 507 893 Fragm.
531 829 564 893 p.
583 822 655 892 235.
697 808 739 870 Et
763 805 795 870 in
818 804 1037 892 Aristophanis
1062 806 1184 893 Lysistr.

150 906 195 986 64
206 930 214 969 ε
224 909 307 970 -Ἡ
324 914 392 992 γοῦν
411 907 559 993 Θεαγὲννς
574 910 628 984 Ὡς
644 911 711 997 δοῦς’
726 913 806 988 lira,
828 907 961 971 τάκάτιον
977 905 1066 994 ᾔρετο,
1088 907 1187 971 Thea·-

146 1007 234 1094 genis
255 1008 374 1096 quidem
397 1033 483 1090 uxor,
510 1020 664 1098 tamquam
687 1011 745 1074 huc
765 1010 877 1088 abiens,
904 1009 1033 1074 acatium
1054 1007 1187 1090 tollebat,

149 1129 287 1173 acumen
308 1110 474 1174 sententiae
489 1112 654 1190 constabit,
677 1111 736 1176 five
749 1112 863 1176 ἀκάτιον
882 1110 1024 1177 sumatur
1040 1132 1100 1198 pro
1119 1109 1188 1175 velo

147 1223 206 1277 aut
230 1210 308 1275 molo
328 1213 431 1297 navis,
454 1214 513 1278 live
534 1215 716 1302 proffnrba
735 1227 792 1279 aut
811 1213 935 1302 poculo:
965 1213 1065 1279 modo
1087 1213 1189 1280 versui

147 1313 351 1381 succurratur
363 1315 502 1404 legendo
520 1316 569 1381 vel
591 1316 713 1405 ἒνῄροτο,
728 1317 779 1382 vel
792 1340 868 1383 cum
882 1315 1130 1405 Bisetoo’ofipm:
1154 1325 1189 1381 et

148 1417 317 1504 proferam
332 1419 494 1506 vulgatam
509 1418 555 1484 illi
569 1419 660 1485 alteri
674 1420 815 1501 lectioni,
831 1434 868 1485 ut
887 1419 1025 1507 frigida,
1048 1441 1067 1485 e
1089 1417 1189 1485 Suida

148 1519 182 1584 in
196 1519 351 1599 Ἑκάταιον,
370 1521 521 1609 susceptae
539 1544 558 1586 a
576 1522 735 1604 Bentleio‚
756 1535 790 1588 et
809 1524 950 1609 probatae
966 1520 1188 1602 Brunckio,-
1248 1569 1254 1580 .

148 1621 202 1695 Ὦς
215 1622 283 1709 δεῦρ’
299 1625 365 1685 lica
378 1622 536 1686 θούκάταιον
549 1623 637 1714 igere.
663 1613 990 1710 Attamen'Tbeagenis
1003 1645 1092 1702 uxor,
1108 1634 1188 1685 tam·

150 1743 242 1807 quam
264 1722 379 1809 bersum
400 1723 504 1788 νοννὶνο
527 1725 656 1813 cupiens,
677 1725 804 1789 Hecotae
814 1725 1012 1812 stmulocmnr
1035 1723 1189 1811 consuluit.

151 1824 194 1886 Et
210 1822 235 1885 -fi
258 1821 391 1910 usquam
412 1845 432 1889 a
454 1836 617 1889 tantorum
633 1823 759 1911 judicio
772 1825 911 1890 virorum
923 1823 1087 1889 'diffentire
1100 1823 1189 1901 licet,

148 1922 216 1993 hoc
229 1923 310 1989 mihi
325 1924 359 1990 in
376 1925 450 1990 loco
465 1924 657 1992 dissentienti
672 1927 795 1992 veniam
810 1927 921 1994 haberi
935 1926 1042 1991 velim.

195 2036 249 2113 15.
262 2028 308 2093 D.
331 2032 405 2115 ὀρθῷ
417 2053 468 2092 τννν
487 2036 618 2113 λογισμῷ
631 2029 797 2116 crepis-rium
817 2027 862 2106 nal
877 2027 1113 2106 ruentiruenti
1128 2026 1189 2117 upi-

149 2133 251 2217 σνν-]
294 2130 519 2218 Circumstanter
542 2144 571 2194 et
594 2131 754 2196 vincientes
772 2132 923 2220 judicium
950 2139 1030 2196 rebla
1059 2133 1192 2220 quadam

151 2232 278 2299 ratione.
311 2232 481 2321 Πνρῖςαντος
502 2235 535 2299 in
552 2235 668 2300 Latina
682 2236 832 2300 Versrone
849 2236 1062 2300 circumdantes
1082 2231 1191 2299 reddi-

151 2345 224 2399 tum
239 2333 436 2420 reliquimus,
459 2347 497 2398 ut
518 2357 558 2399 ex
578 2335 699 2399 uitatis
718 2335 863 2423 proxime
879 2334 1035 2401 accedens
1048 2334 1090 2400 ad
1104 2334 1190 2402 verbi

150 2434 230 2516 vim,
252 2449 286 2500 et
307 2448 345 2499 ut
365 2435 579 2522 perspicuum.
624 2435 820 2500 Diffentiunt
841 2435 988 2501 codices:
1012 2436 1189 2523 ποςοιςάνῖος,

151 2540 195 2605 V.
210 2538 255 2602 A.
273 2538 313 2603 C.
338 2539 513 2626 παρνςάντες,
539 2539 642 2606 Mose.
660 2559 690 2607 2.
716 2538 842 2603 Schott.
869 2540 1001 2604 Jannot.
1027 2537 1189 2626 Rodolph.

151 2641 265 2707 Anou.
286 2639 432 2727 Exempl.
447 2642 588 2707 Turneb.
609 2631 722 2729 reliqui
737 2640 899 2728 vulgatam
918 2653 1069 2706 tuentur:
1093 2663 1192 2728 quam

149 2764 251 2829 quare
272 2742 447 2829 suspectam
469 2741 601 2808 haberet
621 2742 778 2822 Krebsrue‚
799 2743 880 2807 ratio
898 2741 1013 2835 idonea
1029 2765 1094 2807 non
1109 2753 1190 2820 erat,

151 2851 289 2935 Πνςνῑςοὶς
303 2846 345 2911 est
360 2844 564 2933 participium
583 2845 745 2932 praesentis
766 2845 858 2909 activi
879 2845 1045 2934 σεροΐςημνε
1069 2850 1191 2932 ονοςοςοὶς

150 2948 355 3036 perticipium
375 2947 478 3014 aoristi
499 2944 629 3012 secundi
651 2946 748 3010 medii
766 2947 953 3034 ωοςνΐςομομ
977 2960 1011 3010 et
1032 2960 1070 3009 ut
1088 2947 1195 3010 forma

151 3063 187 3117 et
201 3049 387 3139 fignificatio
402 3050 515 3137 paffiva
528 3050 571 3113 est
585 3048 618 3113 in
633 3048 751 3113 aoristis
765 3047 874 3136 primis
888 3047 992 3134 paffivi
1006 3047 1189 3135 σεςοεςίιθην,

149 3152 333 3239 arpen-5255
356 3151 401 3216 ita
415 3151 519 3215 forma
533 3150 645 3237 passiva
659 3148 761 3213 aoristi
775 3147 904 3213 secundi
917 3169 957 3212 ex
970 3147 1117 3233 analogia
1131 3145 1190 3210 de·
1272 3205 1276 3212 .

149 3255 250 3320 bebut
268 3255 329 3320 esse
348 3255 512 3343 σεςνεςάην,
532 3252 687 3342 urgearis,
708 3252 761 3317 sed
782 3252 840 3317 usu
855 3253 890 3316 fit
902 3250 1044 3337 σερνέςην,
1059 3254 1190 3337 erpulf,

151 3355 380 3444 fignificatione
401 3356 519 3436 media,
546 3357 599 3420 seu
625 3369 749 3435 neutra,
775 3350 991 3440 circumstandi.
1035 3354 1087 3419 Sic
1105 3380 1190 3444 ποις·

152 3457 260 3531 νςίνντνς
276 3457 325 3520 'est
346 3455 550 3544 participium
572 3455 734 3542 praesentis
757 3454 861 3532 eclivi,
884 3455 1065 3542 σαραςᾶντος
1091 3458 1190 3542 parti·

151 3559 275 3646 cipium
295 3559 398 3623 aoristi
415 3557 545 3624 secundi
566 3555 674 3622 medii.
712 3558 795 3622 Haec
817 3556 977 3622 monenda
998 3573 1099 3639 erant,
1115 3559 1191 3647 quia

151 3660 251 3746 vulgo
266 3660 298 3724 in
313 3659 352 3724 iio
370 3660 532 3724 turbatur:
556 3659 685 3724 uberius
705 3672 884 3745 exponetur
901 3658 941 3724 de
960 3658 1021 3738 his,
1041 3673 1079 3726 ut
1097 3676 1131 3725 et
1149 3660 1191 3727 de

151 3759 278 3825 diversis
300 3761 464 3848 utriusque
485 3760 571 3826 verbi
592 3759 873 3848 fignificationibus
889 3762 921 3826 in
942 3759 1052 3826 Indice
1071 3763 1190 3826 Gram-

152 3861 273 3927 matico
295 3876 328 3926 et
350 3863 468 3927 lexico
487 3861 697 3928 Plutarcheo=
720 3884 807 3928 nunc
820 3862 893 3928 sutis
914 3864 1008 3928 nobie
1027 3862 1190 3950 vulgatam

152 3962 338 4029 defendisse.
384 3965 498 4050 ltaque
522 3964 661 4050 primum
683 3963 810 4051 legatur
836 3963 997 4030 Plutarchi
1016 3963 1106 4033 locui
1128 3985 1190 4050 ge·-

150 4065 260 4131 minus
285 4066 317 4129 in
342 4065 424 4130 libro
447 4067 499 4131 De
517 4065 646 4130 Virtute
665 4064 785 4130 Morali
805 4087 838 4152 p.
852 4083 928 4152 451.
945 4064 997 4131 C:
1018 4062 1128 4149 με’πςον
1147 4061 1191 4136 οὖν

150 4168 231 4253 αὗῐᾷ
247 4170 299 4252 (τῷ
313 4167 460 4254 ἀνθρώπῳ)
483 4165 529 4246 καὶ
541 4171 578 4230 τῦ
592 4167 700 4252 dalye,
715 4167 737 4254 ’l
752 4167 891 4252 cipi-perot
904 4158 965 4254 ἷχιν
978 4168 1025 4246 τὴν
1037 4170 1074 4229 rei
1089 4167 1191 4244 πάθος

150 4272 255 4356 ἂρχῆν,
281 4271 329 4332 οὐκ
358 4269 501 4334 &wilm
527 4273 607 4334 ἀλλὰ
634 4256 794 4354 &torquerier
823 4266 918 4346 oleat,
947 4268 1005 4332 otti
1033 4269 1192 4361 ἅνανςννίαν

196 4390 285 4436 vou.
300 4390 353 4436 vr.
687 4391 710 4436 rt
