2684 4762
242 351 302 411 'roa
382 350 421 410 n.-
435 337 485 408 w.
505 332 716 408 inruant,
734 332 782 404 ut
801 335 1036 404 nnuruacrn
1053 341 1128 401 nur.

905 466 907 473 ⁴
1113 461 1140 492 b

238 511 330 576 deut.
358 510 405 577 At
418 509 607 576 Plutarchus
620 501 896 576 verisimilitudinis
909 504 1028 592 ubique
1041 502 1201 569 tationem
1213 496 1267 566 ht·

241 611 335 694 buit,
371 623 409 676 ut
431 610 501 698 ejua
528 626 664 676 acumen
690 628 728 672 ac
755 607 933 672 dodlrinam
955 605 1062 670 mirari
1088 603 1269 680 debeamus,

244 713 313 801 qui,
333 734 433 800 quum
455 727 522 777 tam
543 713 649 778 areton
668 710 721 775 tbi
741 707 1023 796 circumscripsisset
1043 705 1122 770 linea
1143 703 1272 790 ususque

244 815 525 880 instrumentorum
547 814 590 879 ad
611 812 844 879 immutandam
859 811 1060 890 sententiam,
1077 824 1189 873 tamen
1210 820 1271 870 tam

245 915 362 981 multa's
385 915 549 1003 speciosas,
572 936 632 980 nec
653 936 673 978 a
694 914 905 1001 grammatica
926 913 1047 978 ratione
1068 911 1274 976 abhorrentes

245 1015 310 1082 vias
324 1016 496 1105 aperuerit,
511 1016 627 1103 quibua
642 1014 813 1080 difficultas
827 1013 1039 1101 expediretur.

288 1118 351 1183 Hae
366 1116 424 1183 vite
445 1132 479 1183 ct
500 1115 728 1204 interpretandi
749 1116 887 1181 rationes
906 1137 927 1179 a
946 1112 1121 1180 Plutarcho
1133 1111 1273 1199 dedigna-

245 1230 299 1297 tre,
319 1232 358 1284 ut
378 1240 431 1286 eas
452 1219 635 1283 summatim
659 1240 697 1282 ac
718 1216 869 1306 deinceps
890 1217 1032 1306 capitum
1053 1215 1170 1281 ordine
1188 1234 1272 1280 com·

108 1405 111 1410 Ι
245 1318 436 1407 pledtamur,
451 1317 637 1407 hujusmodi
649 1320 734 1384 sunt.

290 1422 334 1484 ll.
362 1421 493 1487 Juvenia
515 1420 623 1486 animo
641 1421 771 1486 infixum
788 1435 821 1486 et
835 1421 867 1486 in
882 1434 1013 1507 promtu
1026 1420 1157 1501 habeat,
1174 1420 1273 1484 Poeta

245 1521 388 1587 officium
403 1520 463 1586 else
478 1522 609 1609 tingere,
623 1523 889 1605 materiampanr
904 1525 1055 1600 eriballus·
1080 1520 1192 1586 lictum
1208 1540 1273 1585 ma·

245 1623 297 1708 gis
310 1620 463 1702 obleuat,
478 1645 575 1710 quam
589 1642 697 1688 verum
711 1644 719 1688 t
744 1624 813 1690 haec
833 1624 989 1712 cogitatio
1003 1623 1160 1688 continuo
1175 1622 1276 1687 munit

239 1724 384 1812 legentis
398 1725 543 1789 animum
557 1723 700 1790 adversus
714 1724 836 1791 fabulas
851 1725 890 1792 de
904 1727 976 1805 diia,
997 1740 1030 1790 ct
1049 1725 1178 1789 inieris:
1202 1744 1276 1811 quaa

230 1826 371 1892 -·fabulas
388 1841 493 1915 poetae
514 1825 564 1892 rel
586 1824 639 1913 ipsi
658 1847 723 1891 non
739 1827 886 1907 credunt,
901 1840 935 1893 et
950 1825 1066 1891 indicia
1084 1827 1229 1914 praebent
1249 1824 1278 1888 fe

239 1946 300 1992 'eas
315 1949 380 1993 non
395 1926 535 2007 eredere,
550 1928 595 1992 ita
606 1927 713 1992 minua
728 1942 861 1993 nocent:
879 1928 927 1994 vel
942 1927 1078 1993 credunt
1091 1927 1279 2014 multaque

247 2021 409 2112 legentem
436 2027 560 2092 facilius
588 2028 620 2093 in
649 2027 800 2096 eumdem
826 2043 967 2095 errorem
994 2028 1178 2116 abripiunt:
1212 2032 1278 2090 tum

239 2127 309 2194 illia
338 2124 605 2218 Philosophorum
631 2129 824 2216 opponenda
851 2130 1036 2207 audiuntur,
1062 2120 1277 2214 Empedoclis,

240 2226 470 2314 Xenophanis,
491 2230 642 2309 Socratis,
661 2231 702 2299 de
719 2233 814 2296 rebus
833 2230 947 2294 divinia
970 2229 1016 2300 nil
1036 2227 1107 2293 sciti
1126 2228 1278 2316 profiten-¹

248 2333 346 2398 tium.
369 2377 372 2382 -
796 2361 797 2364 ¹
983 2384 985 2389 ,
1208 2328 1212 2334 ’

241 2462 244 2466 ·
291 2425 354 2497 lll.
384 2432 432 2497 Ut
455 2431 600 2511 pitture,
623 2432 667 2498 ita
690 2432 832 2516 Poeloos,
851 2433 895 2497 est
912 2431 1199 2520 odicium-quoque
1208 2429 1278 2494 ieri·

238 2533 342 2600 'ratim
365 2533 398 2598 in
412 2551 476 2621 qua
491 2533 653 2618 spretam
672 2552 736 2598 non
756 2553 797 2598 an
819 2547 1048 2622 argumentum
1060 2526 1098 2598 iit
1110 2535 1234 2599 benum
1246 2544 1280 2597 et

242 2636 409 2725 pulcrum,
433 2634 487 2702 led
507 2656 548 2700 an
569 2633 741 2722 diligenter
763 2636 804 2702 ad
832 2630 1068 2700 limilitudinem
1088 2633 1199 2722 imago
1213 2650 1278 2698 ex·

241 2737 349 2824 prelia
363 2738 411 2802 llt.
449 2735 555 2825 Igitur
568 2736 671 2822 turpis
685 2736 768 2802 adio
783 2738 831 2802 vel
847 2737 949 2803 oratio
970 2736 1177 2825 probabilioer
1188 2748 1225 2802 et
1241 2731 1280 2798 ad

127 2887 129 2890 -
242 2838 499 2906 delectationem
513 2839 829 2926 commotionemque
848 2838 1009 2905 audientia
1020 2850 1185 2918 exornata,
1197 2833 1282 2924 apud

244 2957 326 3007 ¹eum
341 2956 405 3005 non
420 2939 517 3006 debet
530 2936 633 3006 valere
647 2937 772 3006 adeam
788 2940 986 3030 probandam
1000 2955 1038 3005 ut
1052 2942 1186 3006 bonam.

242 3083 246 3097 ·
292 3043 351 3108 lv.
382 3041 426 3106 Et
453 3037 711 3128 quandoquidem
740 3041 847 3107 Poetae
872 3043 955 3129 sepe
981 3040 1098 3107 indicia
1124 3041 1279 3128 probent,

242 3141 326 3229 quid
341 3141 394 3228 ipfi
410 3141 559 3228 probent,
572 3136 643 3206 haec
662 3136 780 3205 indicia
798 3141 970 3228 diligenter
989 3142 1062 3208 sunt
1080 3139 1280 3206 animadver-

250 3241 355 3308 tenda.
399 3244 485 3306 Sunt
500 3254 609 3306 autem
623 3239 673 3306 vel
687 3239 812 3321 diserta,
834 3242 1050 3328 aut'pluribua
1063 3241 1169 3308 verbio
1181 3237 1279 3326 expli·

249 3344 324 3423 cita,
347 3344 396 3409 vel
418 3365 484 3409 uno
502 3342 648 3431 epitheto
669 3340 838 3426 declarata,
861 3343 959 3408 veluti
980 3342 1021 3408 do
1041 3340 1280 3424 Pandaro-erl

243 3449 278 3512 di
292 3448 388 3534 ogiva,
400 3446 492 3535 ἅφςννν
506 3449 616 3513 πεῖθεν·
637 3445 688 3511 vel
709 3446 871 3512 obscurius
893 3446 1077 3534 fignificata,
1096 3444 1189 3510 exitu
1203 3441 1280 3508 faci·

243 3548 349 3627 noris,
365 3562 403 3611 ut
417 3542 585 3636 Euripides
604 3547 750 3613 Ixionem
767 3561 846 3613 rotae
859 3549 988 3613 affixum
1002 3546 1096 3612 leuitt
1119 3547 1282 3611 Homeri!

252 3647 368 3714 Martia
386 3659 420 3712 et
434 3647 568 3714 Veneria
586 3647 742 3714 adulterio
763 3648 911 3729 ostendit,
933 3670 1062 3735 pravam
1084 3647 1236 3711 mulicatn
1250 3657 1283 3711 et

251 3749 428 3813 orationem
452 3757 563 3834 pravos
584 3762 619 3813 et
638 3748 852 3815 effoeminator
877 3770 987 3836 parere
1009 3766 1134 3814 moreat
1167 3746 1202 3811 in
1223 3747 1284 3813 Ju-

252 3851 345 3916 nonia
365 3852 476 3917 fraude
488 3855 601 3921 Jovem
615 3853 657 3919 ad
675 3855 884 3920 concubitum
898 3849 1087 3941 pellicientia
1100 3851 1227 3918 uuum
1236 3849 1281 3916 ri·

244 3967 378 4041 tuperat
391 3953 553 4020 iracundia
566 3968 601 4021 et
613 3955 708 4021 minis
720 3955 808 4023 Jovis
819 3974 897 4044 erga
908 3959 1084 4023 lunonem.
1116 3955 1193 4021 Nec
1202 3973 1283 4042 opu·

249 4056 293 4121 est
312 4055 369 4121 hat
386 4055 508 4121 subulas
526 4077 584 4144 per
598 4056 782 4144 allegoriam
803 4071 982 4144 pervertere
1002 4071 1036 4122 et
1057 4055 1099 4121 ad
1121 4055 1281 4145 phyliuam

248 4156 408 4235 pauonem
426 4152 604 4239 traducere,
625 4158 775 4247 fingenda
793 4160 1022 4248 conjunbiione
1036 4159 1168 4226 aetherit
1180 4172 1217 4226 et
1228 4180 1281 4226 ne·

247 4256 314 4335 riri
335 4260 403 4345 {pte
419 4259 628 4327 enim-Poeta
647 4259 974 4371 solutioneupprehet
990 4252 1173 4331 moralem
1191 4265 1282 4356 ρων
