2684 4762
148 309 168 374 8
347 306 392 375 D.
407 309 466 374 W.
480 307 716 375 PRAEFATIO
737 305 969 379 ANIMADV.

148 503 391 590 quantumque
423 503 546 566 taceat.
597 494 655 565 De
687 492 769 565 locis
802 493 943 590 quidem
977 490 1176 588 desperatis,

148 615 275 712 quibus
290 614 405 687 lucem
422 628 483 688 aut
499 616 677 688 sanitatem
695 615 827 688 adferre
848 640 921 687 non
942 617 1111 711 potuerit,
1130 639 1178 687 ne

150 748 275 824 taceat,
296 736 353 808 sed
377 738 605 836 ignorantiam
632 737 699 835 ipse
723 737 819 810 suam
842 737 986 809 candide
1010 737 1176 835 profitea-

149 869 219 931 tur.
283 860 358 960 Qui
383 859 478 933 secus
502 860 597 949 facit,
627 859 809 956 dupliciter
836 872 976 957 peccat:
1012 869 1048 929 et
1079 858 1179 954 quod

150 980 283 1055 srlentio
308 981 571 1080 intelligentiam
597 982 746 1069 simulat,
764 995 801 1055 et
816 981 913 1079 quod
935 981 1007 1053 aliis
1029 1005 1179 1078 corrup-
1239 1048 1241 1053 ,

150 1115 229 1177 tum
253 1115 431 1198 tamquam
458 1101 578 1176 sanum
599 1104 716 1175 tradit.
766 1104 847 1209 blec
868 1105 989 1200 potest,
1010 1101 1076 1174 nifi
1093 1103 1177 1176 srm-

151 1225 231 1321 plex
246 1236 283 1296 et
299 1235 449 1320 apertus,
465 1224 648 1322 quisquam
664 1226 733 1298 csse
747 1228 863 1299 bonus
880 1226 1057 1322 interpres.

213 1345 272 1419 Ad
295 1346 392 1419 hunc
417 1346 563 1419 modum
589 1347 615 1419 sr
639 1347 740 1421 nobis
764 1349 1037 1421 Grammaticam
1060 1347 1180 1419 Inter-

152 1469 384 1567 pretationem
400 1468 513 1566 explet
532 1470 710 1567 interpres,
735 1468 898 1566 praeclare
921 1469 1102 1541 nobiscum
1120 1471 1179 1567 agi

152 1592 400 1680 existimemus,
418 1593 576 1664 contenti
593 1593 712 1679 simus,
729 1617 795 1665 nec
811 1591 903 1665 ultra
917 1591 1001 1689 quid
1024 1592 1179 1687 requira-

154 1737 246 1786 mus.
299 1713 373 1810 Ipse
387 1739 470 1787 vero
486 1717 652 1811 interpres
668 1739 741 1787 non
757 1716 806 1786 ita
822 1713 855 1785 se
873 1714 929 1786 his
944 1713 1075 1786 finibus
1089 1737 1179 1786 con·

154 1835 293 1924 tinebit,
310 1837 397 1933 quin
414 1835 558 1936 subinde
579 1837 616 1908 in
640 1837 804 1908 Criticam
827 1848 984 1909 excurrat
1003 1836 1179 1932 iuterpre-

153 1958 335 2030 tationem.
387 1959 455 2030 Sed
479 1983 557 2032 eam
581 1959 746 2030 historicis
771 1961 881 2056 magis
903 1982 1007 2055 quarn
1030 1956 1179 2054 dogma·

154 2080 233 2153 ticis
259 2081 437 2155 adhibebit
461 2081 562 2156 locis:
589 2082 723 2154 cavebit
748 2081 822 2170 fibi,
847 2106 893 2153 ne
917 2079 1109 2153 Auctorem
1134 2080 1180 2152 ad

99 2236 107 2249 ·
154 2205 259 2275 nostri
275 2206 515 2299 potiusquam
538 2204 672 2298 antiqui
691 2205 859 2274 rationem
876 2201 1179 2275 consuetudinem·

154 2346 225 2419 que
252 2324 382 2419 ingenii
406 2326 543 2421 exigat:
574 2322 705 2420 semper
729 2325 897 2422 cogitabit
922 2323 1007 2421 quid
1031 2323 1180 2421 postulet

155 2444 222 2515 loci
247 2445 347 2533 ratio,
371 2444 455 2542 quid
477 2444 669 2543 legentium
694 2447 873 2520 mensura:
904 2471 1054 2544 quorum
1080 2447 1179 2542 inge-

155 2566 222 2639 niis
238 2566 361 2664 saepius
377 2567 548 2664 relinquet
564 2568 632 2640 hoc
650 2569 839 2664 judicium,
856 2594 962 2666 quam
981 2568 1048 2666 ipse
1063 2567 1178 2641 saciet.

155 2687 251 2760 Nam
269 2689 396 2761 horum
414 2690 557 2786 quidem
582 2715 643 2787 per
667 2692 714 2763 cst
736 2690 921 2765 ridiculum
937 2704 975 2764 et
997 2691 1180 2764 indosium

155 2833 268 2909 genus
286 2812 528 2908 interpretum,
546 2813 605 2909 qui
631 2814 668 2884 in
690 2812 774 2885 locis
795 2813 945 2886 obscuris
963 2838 1028 2887 nec
1045 2813 1104 2886 srbi
1124 2813 1179 2884 in-

157 2931 303 3006 tellettis
336 2945 476 3007 tacent:
511 2936 572 3007 ubi
605 2960 686 3008 vero
719 2935 822 3009 talem
849 2935 1029 3032 judicandi
1062 2936 1180 3008 locum

157 3054 251 3128 nacti
274 3055 365 3144 sunt,
386 3081 481 3145 eum,
499 3059 655 3153 quamvis
676 3056 902 3155 perspicuum,
923 3057 1047 3156 cupide
1062 3059 1181 3155 arripi·

158 3189 236 3267 unt,
258 3180 294 3252 in
317 3204 400 3253 eum
425 3192 466 3253 ut
483 3181 688 3278 ignorantiae
705 3191 952 3278 tegumentum
968 3180 1001 3252 se
1018 3180 1180 3268 induunt,

157 3324 219 3395 per
250 3302 371 3400 longas
404 3300 647 3400 disputationes
681 3303 951 3398 intempestivam
983 3302 1180 3399 sapientiam

157 3437 379 3518 expromunt,
403 3424 504 3522 seque
531 3438 608 3499 turn
634 3426 784 3523 optimos
810 3426 1012 3522 interpretes
1031 3425 1180 3521 jaciant,

159 3541 284 3615 alteros
317 3544 393 3616 illos
426 3547 683 3620 Grammaticos
717 3551 931 3645 interpretes,
964 3572 1179 3644 quamquam

160 3665 284 3737 unicos
316 3667 552 3766 intelligentie
581 3670 733 3767 opifices,
747 3655 748 3658 ¹
763 3684 881 3746 tamen
910 3682 952 3743 ut
979 3669 1181 3767 syllabamm

160 3813 312 3885 aucupes
344 3803 589 3864 contemnunt.
643 3793 728 3893 Quo
756 3790 891 3889 decepti
924 3816 1037 3865 errore
1066 3792 1181 3881 multi,

160 3924 299 4006 patrum
333 3915 576 4011 majorumque
608 3915 786 4003 memoria,
815 3940 873 3987 eas
900 3915 1044 3987 demum
1072 3915 1183 3988 bonas

160 4033 330 4106 editiones
346 4036 558 4130 judicamnt,
577 4037 703 4135 quibus
720 4037 911 4133 Discursus,
931 4040 982 4109 uti
998 4038 1182 4124 vocabant,

164 4154 305 4228 Politici
319 4174 352 4228 ct
370 4150 597 4257 Ptilrfisptic'i
613 4159 738 4256 adjesli
754 4160 874 4233 essent.
922 4160 1008 4262 Qui,
1025 4161 1183 4257 quamvis
