2684 4762
153 308 176 393 4
353 308 398 377 D.
413 306 472 376 W.
488 306 720 376 PRAEFATIO
741 303 975 376 ANIMADV.

154 493 225 566 rica
240 492 409 582 doetrina,
427 519 507 591 quae
528 517 670 567 ornnem
696 497 918 592 antiquarum
935 517 1050 565 rerum
1074 494 1184 568 intel-

154 615 333 714 ligentiam
350 617 604 713 compledtitur,
625 630 662 690 et
685 620 775 690 intra
790 614 898 720 hujus
914 617 1000 689 fines
1017 617 1090 687 duo
1108 620 1183 714 pri-

154 762 215 809 ora
243 739 472 812 instrumenta
500 742 668 813 continet.
715 740 855 812 Criticae
882 739 1184 836 Interpretationis

154 859 275 933 eadem
292 860 373 933 sunt
389 864 626 953 instrumenta,
643 862 762 935 eadem
779 863 845 950 via,
862 861 950 933 alius
965 861 1057 933 finis.

215 984 284 1056 Sed
308 985 487 1081 utriusque
511 986 807 1081 Interpretationis
831 984 903 1055 duo
927 982 1006 1055 sunt
1027 1006 1181 1080 genera:

153 1104 325 1193 alterum,
343 1118 569 1201 perpetuum,
592 1105 688 1201 quod
719 1107 829 1178 totius
865 1104 940 1176 libri
973 1105 1181 1178 sententiam

153 1248 352 1324 nexumque
377 1226 643 1324 compledtitur:
677 1227 836 1315 alterum,
857 1220 1051 1325 strigulore,
1082 1229 1183 1324 quod

153 1370 228 1419 non
257 1347 319 1419 nifi
345 1347 545 1446 singulares,
574 1360 699 1438 certos,
729 1351 874 1421 omnino
903 1348 1082 1444 quosdam,
1112 1374 1183 1422 nec

51 1478 57 1487 '
152 1493 277 1543 omnes
293 1471 416 1543 eodem
434 1496 539 1560 nexu,
555 1472 651 1543 locos
667 1472 818 1569 attingit.
861 1471 1045 1567 Perpetuo³
1064 1471 1179 1543 Inter-

147 1597 355 1689 pretot'ionir
375 1593 625 1667 Grammatico
647 1606 716 1667 tres
738 1593 818 1666 sunt
839 1593 973 1682 sonnae,
990 1618 1053 1690 pro
1069 1596 1180 1667 varie-

153 1723 226 1785 tate
256 1714 481 1812 longitudinis
508 1741 548 1788 ac
576 1717 765 1788 brevitatis.
815 1715 911 1789 Nam
942 1716 996 1787 vel
1027 1717 1074 1788 ita
1099 1703 1178 1789 red-

152 1834 278 1909 dendae
308 1837 341 1910 se
369 1838 547 1936 adstringit
574 1839 767 1924 sententia,
797 1851 838 1910 ut
863 1837 977 1934 quoad
1001 1835 1078 1942 ejus
1101 1839 1177 1911 sieri

153 1960 275 2055 potest,
293 1960 459 2033 eumdem
484 1962 772 2033 enunciationum
795 1985 982 2032 numerum
999 1960 1176 2034 ordinem·

152 2105 223 2177 que
239 2081 374 2172 reserat,
393 2095 498 2182 atquc
514 2083 598 2171 aliis,
623 2104 688 2156 nec
705 2082 818 2157 multo
834 2082 991 2181 pluribus
1007 2085 1176 2180 pauciori-

151 2203 271 2290 busve,
292 2207 405 2278 verbis
430 2206 522 2275 idem
546 2205 660 2276 dicat:
686 2230 768 2300 quae
792 2204 918 2275 dicitur
933 2204 1176 2303 Metophrofis,

152 2332 190 2394 et
210 2323 336 2421 Versto.
389 2324 455 2396 Vel
474 2325 675 2397 sententiam
701 2326 737 2397 in
759 2350 867 2422 pauca
882 2327 1069 2414 contrahit,
1087 2325 1177 2431 ejus-

152 2469 222 2543 que
247 2470 321 2517 non
344 2446 404 2519 nisr
428 2449 568 2520 brevem
593 2447 763 2521 summam
788 2448 923 2520 reddit:
949 2474 1029 2545 quae
1050 2448 1177 2523 dicitur

154 2567 323 2667 Syaopſss,
341 2570 513 2666 Epitome,
535 2569 789 2667 Compendiam,
806 2571 1073 2667 Argumentum.
1111 2572 1176 2645 Vel

152 2673 304 2789 denique
328 2691 530 2764 sententiam
556 2693 712 2790 pluribus
739 2695 1039 2766 enunciationibus
1064 2697 1176 2791 expri-

152 2796 230 2903 mit,
257 2815 302 2887 ad
330 2816 522 2887 uberiorem
547 2816 809 2914 plenioremque
832 2816 1094 2916 intelligentiam
1123 2819 1175 2890 di·

151 2935 251 3008 ducit
267 2962 308 3008 ac
323 2937 466 3011 dilatat:
494 2963 575 3035 quae
597 2939 724 3011 dicitur
742 2940 967 3038 Periphrqfis,
985 2938 1175 3029 Dilatotio,

150 3058 402 3155 Amplfflcatio.
428 3060 628 3133 Versronem
647 3063 708 3134 suo
720 3087 896 3158 quamque
912 3063 999 3133 libro
1014 3057 1175 3162 adjunxi-

149 3182 243 3255 mus.
293 3182 506 3279 Periphrasrn
533 3207 554 3254 e
577 3195 744 3280 perpetua
764 3184 971 3282 singularem
994 3181 1174 3274 faciemus,

151 3325 218 3374 nec
242 3328 319 3376 eam
344 3306 509 3379 omnibus
535 3330 623 3404 quos
647 3318 831 3405 tangemus
854 3306 949 3394 locis,
973 3304 1029 3376 sed
1051 3305 1092 3377 iis
1114 3311 1175 3404 qui

151 3447 228 3495 eam
246 3424 432 3501 desiderare
447 3429 639 3517 videantur,
658 3429 908 3502 adhibebimus.
944 3427 1073 3524 Neque
1089 3431 1175 3527 Epi-

152 3552 266 3619 tomas
292 3551 453 3622 omnium
478 3551 717 3624 exhibebimus
743 3554 933 3632 librorum3
959 3573 1039 3623 narn
1062 3554 1174 3649 plero-

151 3692 301 3766 rumque
322 3685 569 3769 argumentum
591 3698 653 3770 per
669 3675 703 3745 se
723 3676 777 3746 est‘
789 3674 1027 3770 perspicuum:
1061 3701 1175 3774 neque

90 3879 93 3887 ¹
150 3790 297 3874 ledlores
316 3795 420 3866 nostri
437 3795 527 3866 hanc
543 3797 692 3869 nostram
710 3821 848 3893 operam
867 3799 1055 3894 requirent,
1073 3803 1173 3895 quip-

148 3938 193 4009 pe
211 3914 282 3988 sere
298 3917 594 3991 accommodatam
619 3920 800 3993 tironibus.
850 3920 968 4015 Atque
985 3923 1025 3991 iis
1042 3923 1102 4017 qui
1120 3935 1173 3993 to·

149 4039 220 4108 tius
254 4040 329 4111 libri
369 4040 506 4138 legendi
540 4041 728 4114 molestiam
762 4041 985 4139 laboremque
1019 4043 1173 4142 sugiuut,

149 4159 328 4235 consuium
345 4163 570 4261 propositum,
585 4176 690 4261 atque
706 4164 792 4238 adeo
804 4179 1064 4264 argumentum,
1083 4167 1172 4253 libri,
