2684 4762
201 338 240 400 32
283 339 344 398 AN
345 333 490 399 IMADV.
505 338 553 397 IN
565 339 638 397 LIB.
651 338 705 398 DE
717 335 889 399 EDUCAT.
906 328 1145 400 PUERORUM.

133 529 141 543 ·
201 501 392 594 εροςνισᾶμην,
406 489 436 564 lt
451 505 541 585 ἐφεξῆς
555 502 600 581 xci
613 505 637 564 τ’
652 500 729 566 ἄλλα
748 507 785 566 td
805 503 918 590 pignera
930 504 1001 590 ergit
1014 506 1063 580 τὴν
1079 505 1223 587 ὀρθὴντὸν

201 597 263 663 νέων
285 604 399 683 ἀγωγὴν
420 601 545 677 erudire.
589 601 716 686 Duplex
737 603 781 665 est
806 601 1013 688 incogitantia
1034 613 1069 664 et
1094 601 1225 665 rationis

201 699 406 787 negligentia.
452 702 602 780 Primum,
617 701 702 786 quod
716 701 798 766 hane
820 702 866 765 sui
886 701 1098 766 defensionem
1113 701 1224 765 adver·

200 802 252 865 sus
272 792 337 880 eos,
361 803 416 889 qui
438 821 512 866 eum
532 803 604 866 solis
626 801 773 867 divitibus
795 817 952 888 praecepta
974 801 1048 865 dare
1065 800 1222 866 infiniula—

200 917 283 981 rent,
306 894 339 965 ca
361 904 397 965 dc
416 906 512 990 cauffiz
532 904 563 967 se
580 903 739 989 suscepisse
755 901 843 982 dicit,
859 917 892 965 ut
907 903 1036 988 deinceps
1050 901 1170 987 reliqua
1183 902 1225 964 nd

199 1012 308 1068 rectane
322 1004 532 1090 cdoltjicntum
551 1004 748 1067 educationem
769 1003 956 1068 conducentia
976 1010 1107 1065 attexere
1128 1003 1221 1087 postet.

199 1107 293 1193 Quas
308 1128 381 1170 vero
395 1106 554 1192 sequentia
568 1125 632 1170 non
649 1104 796 1191 potuisset
809 1119 948 1170 attexere
967 1103 1022 1167 niti
1035 1103 1221 1168 defensionis

199 1206 263 1270 hoc
287 1205 531 1270 extraordinario
553 1225 649 1270 onere
669 1206 831 1291 suscepto;
859 1204 921 1269 boc
944 1205 1030 1268 enim
1054 1205 1099 1268 est
1121 1231 1220 1291 waga-

198 1307 371 1393 φορτίζεθαν.
415 1304 574 1385 Alterum,
603 1306 689 1394 quod
715 1306 846 1370 omnino
873 1305 1025 1391 ejusmodi
1053 1305 1221 1370 formulam

199 1408 351 1494 apponit3
374 1429 456 1493 quae,
480 1408 621 1493 quamvis
642 1431 747 1472 veram
773 1407 927 1471 habuisset
950 1406 1152 1487 sententiam,
1175 1421 1220 1470 ta·

198 1531 274 1572 meu
290 1508 511 1595 disputatiouin
522 1529 637 1572 nexum
653 1507 803 1574 turbaret.

138 1676 143 1688 ⁸
244 1607 325 1692 Cap.
341 1608 435 1671 XIII.
451 1606 520 1671 init.
543 1607 581 1670 Ti
600 1605 631 1670 ln
651 1613 705 1681 ien
722 1607 737 1670 i
754 1605 880 1689 βέλοραν
896 1607 998 1691 λέγειν,
1011 1608 1056 1671 ἵνα
1067 1612 1109 1692 τῷ
1121 1633 1220 1694 crapa-

183 1705 325 1791 ’δείγματι
339 1709 520 1796 φωτεινότερον
536 1710 646 1786 ποιήσω
659 1712 705 1773 τὸν
718 1709 812 1793 λόγον.
855 1711 973 1774 Denuo
994 1708 1152 1773 rhetorica
1172 1710 1220 1772 in·

199 1806 376 1871 tersereuda
399 1807 545 1888 formula,
563 1809 715 1873 orationis
738 1830 855 1872 nexum
877 1809 995 1886 turbat,
1010 1807 1066 1894 qui
1087 1808 1150 1872 fine
1171 1807 1223 1872 illu

196 1908 402 1994 probabiliter
424 1911 553 1975 constat.
598 1910 662 1975 Sed
685 1911 753 1976 haec
774 1911 867 1973 verba
889 1911 933 1972 bc
951 1915 992 1994 τῷ
1008 1909 1220 1996 ecquid-(pan

159 2046 165 2055 ·
197 2011 379 2099 φωτεινότερον
403 2013 505 2090 ποιήσω
525 2014 571 2076 τὸν
593 2011 687 2096 λύγον,
711 2010 787 2097 quid
814 2010 867 2073 fibi
887 2009 1021 2073 volunt?
1051 2011 1136 2074 Nam
1158 2011 1221 2074 stuc

75 2101 78 2104 ’
146 2140 150 2149 ’
197 2111 259 2191 his,
279 2114 388 2178 saltem
408 2114 461 2178 illa
477 2115 591 2201 priora,
610 2113 640 2177 cl
657 2113 700 2177 οὖν
719 2118 773 2186 len
789 2111 804 2176 ‘i
821 2111 945 2193 βέλομη
962 2109 1064 2194 λέγειν,
1083 2111 1219 2198 aliquem

118 2254 121 2260 .
196 2212 319 2276 sensum
342 2214 528 2278 habuissent.
572 2216 668 2276 Nunc
691 2212 789 2275 homo
811 2234 876 2274 non
897 2223 1067 2275 contentus
1081 2208 1218 2295 disputa⁶

68 2339 73 2346 ·
196 2310 293 2373 tionis
307 2334 423 2374 nexum
438 2311 617 2397 interposui
634 2312 769 2375 formula
786 2298 991 2396 interrirpisse,
1006 2310 1060 2396 ipsi
1075 2311 1219 2377 sormulae

197 2409 291 2472 aliam
312 2409 401 2474 addit
423 2411 611 2491 sormulnm3
635 2423 729 2497 atque
742 2410 787 2475 ita
801 2425 902 2475 totam
919 2412 1084 2476 obscuram
1101 2426 1135 2475 et
1150 2433 1217 2475 am·

195 2508 328 2595 biguam
343 2509 457 2574 reddit.
493 2511 584 2595 Λόγος
597 2511 724 2599 quidem
740 2512 783 2576 est
796 2512 844 2575 vel
862 2511 940 2576 illud
954 2513 985 2574 τὸ
998 2510 1062 2574 λίαν
1075 2518 1161 2594 pith
1172 2520 1217 2576 τοῦ

194 2613 234 2692 μὴ
248 2608 430 2692 pruniensem
449 2610 563 2689 metm,
578 2612 626 2675 vel
647 2625 750 2676 totum
768 2626 874 2698 caput.
918 2611 981 2676 Sed
1001 2611 1080 2697 quid
1101 2613 1146 2677 eti
1164 2614 1216 2692 tm,

195 2723 302 2774 utrum
326 2710 367 2774 ad
387 2710 618 2792 antecedentia,
640 2735 681 2777 an
703 2713 745 2777 ad
762 2713 933 2798 sequentia,
952 2712 1107 2777 refertur?
1131 2713 1218 2779 Siad

193 2811 414 2876 antecedentia
431 2812 575 2893 refertur,
591 2813 644 2878 hic
661 2812 721 2877 erit
734 2813 849 2893 sensus,
873 2813 958 2899 Quid
976 2823 1075 2876 cutem
1089 2813 1156 2878 volo
1170 2815 1219 2878 boc

194 2911 283 2990 dieto,
302 2913 334 2976 ci
355 2912 418 2975 λῖιιν
434 2918 517 2996 φιλεῖν
535 2918 570 2977 ci
588 2917 628 2995 pl
642 2920 726 2997 φιλᾶν
738 2911 823 2977 ἄτιον
836 2912 949 2991 wien,
965 2913 1045 3000 quod
1062 2937 1116 3000 cgc
1130 2914 1218 2979 attuli

188 3023 228 3074 ut
247 3012 468 3100 disputationem
490 3013 615 3100 exemplo
636 3012 839 3078 dilucidiorem
859 3014 992 3079 reddam.
1036 3013 1093 3081 Sin
1111 3015 1153 3080 ad
1170 3017 1215 3081 se·

192 3114 335 3199 quentia,
357 3112 608 3178 subaudiendum
632 3114 692 3178 erit
714 3115 844 3179 verbum
866 3114 964 3202 dicem
983 3115 1031 3179 vel
1048 3116 1157 3196 simile,
1180 3130 1216 3180 ut

193 3214 348 3280 sententia
368 3214 455 3279 huuc
476 3213 509 3277 iu
529 3213 662 3277 modum
680 3215 889 3300 concipiatur,
911 3215 994 3301 Quid
1013 3228 1113 3280 nutem
1128 3216 1215 3281 velint

193 3317 245 3379 hoc
265 3316 340 3381 diuo
359 3317 391 3379 τὸ
409 3315 473 3382 λίαν,
486 3320 572 3398 φιλεῖν
585 3321 621 3378 tri
634 3319 672 3398 pl
685 3321 769 3400 φιλᾶν
781 3315 866 3380 αἴτιοι
883 3316 996 3396 wien,
1015 3319 1114 3383 dicam
1127 3332 1155 3404 ct
1168 3320 1216 3382 hnc

191 3415 302 3479 dittnnr
323 3416 451 3504 exemplo
473 3415 633 3481 dilucidius
648 3417 779 3504 facicm.
822 3414 946 3483 Neutra
966 3419 1123 3485 sententia
1142 3441 1214 3485 cum

192 3514 279 3578 reeta
297 3517 512 3581 Grammatica
530 3517 652 3582 ratione
674 3519 832 3583 convenit.
878 3521 984 3598 Porro,
1007 3520 1086 3606 quid
1111 3522 1155 3588 esi
1176 3525 1214 3605 τᾷ

190 3611 525 3701 σαςιδόγμιιτιὶφιῐά
539 3618 581 3679 est
594 3621 654 3702 τῷν
679 3625 753 3686 nam'
774 3617 923 3684 articulus
944 3619 1041 3685 hebet
1062 3621 1212 3708 fignifica-

189 3715 313 3781 tionem
327 3729 423 3782 certe
437 3715 599 3803 cujusdam
619 3719 664 3784 rei
682 3732 717 3783 et
735 3720 818 3805 quast
840 3719 1150 3804 demonstrationem,
1165 3725 1213 3786 boc

190 3817 337 3905 exemplo3
361 3818 524 3904 quodnam
537 3819 580 3884 est
593 3819 654 3884 boc
667 3820 868 3907 exemplum?
892 3837 948 3887 aut
960 3823 981 3887 st
994 3810 1106 3890 omisso
1120 3826 1212 3892 etium

189 3919 329 3985 articulo
342 3917 533 4005 accipiamus
551 3919 677 4007 exemplo
696 3919 846 4001 universe,
867 3922 899 3985 id
919 3925 962 3988 est
974 3926 1102 4011 quadan
1117 3951 1210 3992 cm

184 4019 249 4107 plo,
274 4017 381 4085 denuo
403 4019 565 4106 interrogo
587 4019 748 4106 quoduam
766 4022 808 4087 >fit
827 4022 908 4088 illud
924 4025 1087 4110 quoddam
1103 4050 1208 4094 exem·

189 4123 301 4209 plum?
330 4127 384 4190 An
399 4125 442 4188 est
454 4122 533 4188 illud
555 4125 588 4190 iu
610 4127 811 4213 sequentibus
824 4129 970 4214 polimm,
984 4136 1020 4193 nt
1028 4131 1138 4221 stirpes
1151 4157 1207 4196 ιιιι-

188 4216 333 4293 diceritis
350 4219 438 4315 cqriis
458 4223 594 4308 alanne,
613 4225 835 4296 abundantibus
843 4230 1056 4319 fiaeffccantm
1078 4233 1124 4301 ita
1142 4232 1209 4300 cici·
