<?xml version="1.0" encoding="UTF-8"?>
<!DOCTYPE html PUBLIC "-//W3C//DTD XHTML 1.0 Transitional//EN"
    "http://www.w3.org/TR/xhtml1/DTD/xhtml1-transitional.dtd">
<html xmlns="http://www.w3.org/1999/xhtml" xml:lang="en" lang="en">
 <head>
  <title>
</title>
<meta http-equiv="Content-Type" content="text/html;charset=utf-8" />
  <meta name='ocr-system' content='tesseract 3.04.00' />
  <meta name='ocr-capabilities' content='ocr_page ocr_carea ocr_par ocr_line ocrx_word'/>
</head>
<body>
  <div class='ocr_page' id='page_1' title='image "./plutarchichaero15plutgoog_0474.png"; bbox 0 0 2684 4762; ppageno 0'>
   <div class='ocr_carea' id='block_1_1' title="bbox 224 348 1132 423">
    <p class='ocr_par' dir='ltr' id='par_1_1' title="bbox 224 348 1132 423">
     <span class='ocr_line' id='line_1_1' title="bbox 224 348 1132 423; baseline -0.004 -12"><span class='ocrx_word' id='word_1_1' title='bbox 224 361 286 423; x_wconf 76' lang='lat'><em>470</em></span> <span class='ocrx_word' id='word_1_2' title='bbox 364 353 404 412; x_wconf 90' lang='lat' dir='ltr'><em>D.</em></span> <span class='ocrx_word' id='word_1_3' title='bbox 417 354 469 413; x_wconf 89' lang='lat' dir='ltr'><em>W.</em></span> <span class='ocrx_word' id='word_1_4' title='bbox 489 352 698 413; x_wconf 84' lang='lat' dir='ltr'><strong>ANIMADV.</strong></span> <span class='ocrx_word' id='word_1_5' title='bbox 719 352 766 410; x_wconf 92' lang='lat' dir='ltr'><em>IN</em></span> <span class='ocrx_word' id='word_1_6' title='bbox 788 349 1021 409; x_wconf 83' lang='lat' dir='ltr'><strong>PLUTARCHI</strong></span> <span class='ocrx_word' id='word_1_7' title='bbox 1043 348 1132 408; x_wconf 86' lang='lat' dir='ltr'><strong>LIB.</strong></span> 
     </span>
    </p>
   </div>
   <div class='ocr_carea' id='block_1_2' title="bbox 177 511 1306 4363">
    <p class='ocr_par' dir='ltr' id='par_1_2' title="bbox 230 511 1290 1210">
     <span class='ocr_line' id='line_1_2' title="bbox 230 511 1286 602; baseline -0.004 -24"><span class='ocrx_word' id='word_1_8' title='bbox 230 515 291 578; x_wconf 85' lang='lat' dir='ltr'><em>His</em></span> <span class='ocrx_word' id='word_1_9' title='bbox 318 517 362 578; x_wconf 92' lang='lat' dir='ltr'><em>ita</em></span> <span class='ocrx_word' id='word_1_10' title='bbox 386 515 540 578; x_wconf 67' lang='lat' dir='ltr'><em>intellettis</em></span> <span class='ocrx_word' id='word_1_11' title='bbox 554 516 719 602; x_wconf 81' lang='lat' dir='ltr'><em>secundum</em></span> <span class='ocrx_word' id='word_1_12' title='bbox 742 515 896 601; x_wconf 83' lang='lat' dir='ltr'><em>exposttarn</em></span> <span class='ocrx_word' id='word_1_13' title='bbox 918 513 1080 591; x_wconf 80' lang='lat' dir='ltr'><em>rationem,</em></span> <span class='ocrx_word' id='word_1_14' title='bbox 1109 511 1286 600; x_wconf 76' lang='lat' dir='ltr'><em>proxim</em></span> 
     </span>
     <span class='ocr_line' id='line_1_3' title="bbox 230 611 1286 700; baseline -0.004 -21"><span class='ocrx_word' id='word_1_15' title='bbox 230 615 409 700; x_wconf 72' lang='lat' dir='ltr'><em>ssairatlas</em></span> <span class='ocrx_word' id='word_1_16' title='bbox 430 617 609 679; x_wconf 81' lang='lat' dir='ltr'><em>contrahere.</em></span> <span class='ocrx_word' id='word_1_17' title='bbox 654 616 717 680; x_wconf 90' lang='lat' dir='ltr'><em>Sed</em></span> <span class='ocrx_word' id='word_1_18' title='bbox 742 628 848 680; x_wconf 89' lang='lat' dir='ltr'><em>totum</em></span> <span class='ocrx_word' id='word_1_19' title='bbox 874 615 983 678; x_wconf 90' lang='lat' dir='ltr'><em>locum</em></span> <span class='ocrx_word' id='word_1_20' title='bbox 1013 613 1163 698; x_wconf 80' lang='lat' dir='ltr'><em>plenum</em></span> <span class='ocrx_word' id='word_1_21' title='bbox 1193 611 1286 676; x_wconf 83' lang='lat' dir='ltr'><em>illum</em></span> 
     </span>
     <span class='ocr_line' id='line_1_4' title="bbox 231 715 1287 804; baseline -0.006 -22"><span class='ocrx_word' id='word_1_22' title='bbox 231 719 355 782; x_wconf 83' lang='lat' dir='ltr'><em>mendis</em></span> <span class='ocrx_word' id='word_1_23' title='bbox 370 718 607 782; x_wconf 77' lang='lat' dir='ltr'>emendavimus</span> <span class='ocrx_word' id='word_1_24' title='bbox 622 719 653 781; x_wconf 90' lang='lat' dir='ltr'><em>in</em></span> <span class='ocrx_word' id='word_1_25' title='bbox 670 718 813 804; x_wconf 86' lang='lat' dir='ltr'>margine</span> <span class='ocrx_word' id='word_1_26' title='bbox 828 717 921 781; x_wconf 89' lang='lat' dir='ltr'><em>nostri</em></span> <span class='ocrx_word' id='word_1_27' title='bbox 935 715 1083 800; x_wconf 83' lang='lat' dir='ltr'><em>exempli</em></span> <span class='ocrx_word' id='word_1_28' title='bbox 1099 715 1287 792; x_wconf 79' lang='lat' dir='ltr'><em>Stobaeani,</em></span> 
     </span>
     <span class='ocr_line' id='line_1_5' title="bbox 232 817 1288 906; baseline -0.003 -23"><span class='ocrx_word' id='word_1_29' title='bbox 232 844 311 906; x_wconf 88' lang='lat' dir='ltr'><em>quas</em></span> <span class='ocrx_word' id='word_1_30' title='bbox 334 845 419 884; x_wconf 90' lang='lat' dir='ltr'><em>nunc</em></span> <span class='ocrx_word' id='word_1_31' title='bbox 442 820 681 884; x_wconf 84' lang='lat' dir='ltr'><strong>emendationes</strong></span> <span class='ocrx_word' id='word_1_32' title='bbox 699 819 844 905; x_wconf 84' lang='lat' dir='ltr'><em>prodere,</em></span> <span class='ocrx_word' id='word_1_33' title='bbox 860 819 995 906; x_wconf 82' lang='lat' dir='ltr'><em>longum</em></span> <span class='ocrx_word' id='word_1_34' title='bbox 1013 832 1048 882; x_wconf 86' lang='lat' dir='ltr'><em>et</em></span> <span class='ocrx_word' id='word_1_35' title='bbox 1069 839 1092 880; x_wconf 82' lang='lat' dir='ltr'><em>a</em></span> <span class='ocrx_word' id='word_1_36' title='bbox 1115 817 1288 903; x_wconf 76' lang='lat' dir='ltr'><em>proposito</em></span> 
     </span>
     <span class='ocr_line' id='line_1_6' title="bbox 233 919 1290 996; baseline -0.008 -10"><span class='ocrx_word' id='word_1_37' title='bbox 233 923 373 986; x_wconf 84' lang='lat' dir='ltr'><em>alienum</em></span> <span class='ocrx_word' id='word_1_38' title='bbox 398 924 452 985; x_wconf 90' lang='lat' dir='ltr'><em>est.</em></span> <span class='ocrx_word' id='word_1_39' title='bbox 500 925 535 985; x_wconf 90' lang='lat' dir='ltr'><em>Iu</em></span> <span class='ocrx_word' id='word_1_40' title='bbox 557 946 589 986; x_wconf 86' lang='lat' dir='ltr'><em>re</em></span> <span class='ocrx_word' id='word_1_41' title='bbox 608 922 737 985; x_wconf 87' lang='lat' dir='ltr'><em>militari</em></span> <span class='ocrx_word' id='word_1_42' title='bbox 759 922 890 985; x_wconf 60' lang='lat' dir='ltr'><em>ereata</em></span> <span class='ocrx_word' id='word_1_43' title='bbox 914 921 1034 996; x_wconf 82' lang='lat' dir='ltr'><em>milites,</em></span> <span class='ocrx_word' id='word_1_44' title='bbox 1059 919 1108 983; x_wconf 85' lang='lat' dir='ltr'><em>est</em></span> <span class='ocrx_word' id='word_1_45' title='bbox 1132 943 1186 983; x_wconf 85' lang='lat' dir='ltr'><em>eos</em></span> <span class='ocrx_word' id='word_1_46' title='bbox 1209 931 1290 981; x_wconf 87' lang='lat' dir='ltr'><em>certa</em></span> 
     </span>
     <span class='ocr_line' id='line_1_7' title="bbox 233 1021 1288 1108; baseline -0.004 -21"><span class='ocrx_word' id='word_1_47' title='bbox 233 1024 265 1087; x_wconf 85' lang='lat' dir='ltr'><em>in</em></span> <span class='ocrx_word' id='word_1_48' title='bbox 280 1025 342 1086; x_wconf 87' lang='lat' dir='ltr'><em>acie</em></span> <span class='ocrx_word' id='word_1_49' title='bbox 363 1023 519 1087; x_wconf 81' lang='lat' dir='ltr'><em>collocare.-</em></span> <span class='ocrx_word' id='word_1_50' title='bbox 545 1024 585 1086; x_wconf 89' lang='lat' dir='ltr'><em>fic</em></span> <span class='ocrx_word' id='word_1_51' title='bbox 607 1022 796 1087; x_wconf 83' lang='lat' dir='ltr'>Plutarchus</span> <span class='ocrx_word' id='word_1_52' title='bbox 820 1023 923 1086; x_wconf 85' lang='lat' dir='ltr'><em>utitur</em></span> <span class='ocrx_word' id='word_1_53' title='bbox 936 1021 969 1085; x_wconf 84' lang='lat' dir='ltr'><em>in</em></span> <span class='ocrx_word' id='word_1_54' title='bbox 983 1021 1075 1084; x_wconf 88' lang='lat' dir='ltr'><em>Vitis</em></span> <span class='ocrx_word' id='word_1_55' title='bbox 1096 1043 1133 1108; x_wconf 94' lang='lat' dir='ltr'><em>p.</em></span> <span class='ocrx_word' id='word_1_56' title='bbox 1146 1040 1234 1106; x_wconf 80' lang='lat'><strong>307.</strong></span> <span class='ocrx_word' id='word_1_57' title='bbox 1247 1022 1288 1084; x_wconf 85' lang='lat' dir='ltr'><em>A.</em></span> 
     </span>
     <span class='ocr_line' id='line_1_8' title="bbox 233 1125 900 1210; baseline -0.003 -22"><span class='ocrx_word' id='word_1_58' title='bbox 233 1141 308 1210; x_wconf 75' lang='lat'><strong>593.</strong></span> <span class='ocrx_word' id='word_1_59' title='bbox 323 1126 361 1188; x_wconf 93' lang='lat' dir='ltr'><em>C.</em></span> <span class='ocrx_word' id='word_1_60' title='bbox 386 1125 512 1188; x_wconf 74' lang='lat' dir='ltr'><em>true.</em></span> <span class='ocrx_word' id='word_1_61' title='bbox 537 1126 667 1209; x_wconf 79' lang='lat' dir='ltr'><strong>895.D.</strong></span> <span class='ocrx_word' id='word_1_62' title='bbox 694 1144 787 1204; x_wconf 88' lang='lat'><strong>1040.</strong></span> <span class='ocrx_word' id='word_1_63' title='bbox 802 1127 845 1187; x_wconf 89' lang='lat' dir='ltr'><em>A.</em></span> <span class='ocrx_word' id='word_1_64' title='bbox 860 1125 900 1186; x_wconf 87' lang='lat' dir='ltr'><em>E.</em></span> 
     </span>
    </p>

    <p class='ocr_par' dir='ltr' id='par_1_3' title="bbox 235 1219 1293 1512">
     <span class='ocr_line' id='line_1_9' title="bbox 276 1219 1289 1311; baseline -0.006 -22"><span class='ocrx_word' id='word_1_65' title='bbox 276 1228 331 1310; x_wconf 83' lang='lat'><em>58.</em></span> <span class='ocrx_word' id='word_1_66' title='bbox 348 1230 390 1289; x_wconf 79' lang='lat' dir='ltr'><em>A.</em></span> <span class='ocrx_word' id='word_1_67' title='bbox 413 1229 483 1302; x_wconf 77' lang='grc' dir='ltr'><strong><em>βοῶν</em></strong></span> <span class='ocrx_word' id='word_1_68' title='bbox 497 1229 569 1311; x_wconf 68' lang='grc' dir='ltr'><em>παρ’</em></span> <span class='ocrx_word' id='word_1_69' title='bbox 585 1223 682 1297; x_wconf 63' lang='lat' dir='ltr'><em>inurar</em></span> <span class='ocrx_word' id='word_1_70' title='bbox 696 1228 731 1298; x_wconf 82' lang='grc' dir='ltr'><em>ὠς</em></span> <span class='ocrx_word' id='word_1_71' title='bbox 746 1223 774 1286; x_wconf 77' lang='grc' dir='ltr'><em>εὖ</em></span> <span class='ocrx_word' id='word_1_72' title='bbox 789 1224 834 1303; x_wconf 72' lang='lat' dir='ltr'><em>nai</em></span> <span class='ocrx_word' id='word_1_73' title='bbox 850 1224 958 1305; x_wconf 74' lang='grc' dir='ltr'><strong><em>ἶκανῶς]</em></strong></span> <span class='ocrx_word' id='word_1_74' title='bbox 984 1219 1097 1285; x_wconf 81' lang='lat' dir='ltr'><em>Simili</em></span> <span class='ocrx_word' id='word_1_75' title='bbox 1111 1220 1289 1285; x_wconf 67' lang='lat' dir='ltr'><em>charadio-</em></span> 
     </span>
     <span class='ocr_line' id='line_1_10' title="bbox 235 1321 1293 1410; baseline -0.006 -20"><span class='ocrx_word' id='word_1_76' title='bbox 235 1327 329 1390; x_wconf 82' lang='lat' dir='ltr'><em>risnro</em></span> <span class='ocrx_word' id='word_1_77' title='bbox 359 1326 558 1391; x_wconf 73' lang='lat' dir='ltr'><em>adulatorem</em></span> <span class='ocrx_word' id='word_1_78' title='bbox 591 1327 731 1392; x_wconf 87' lang='lat' dir='ltr'><em>carmina</em></span> <span class='ocrx_word' id='word_1_79' title='bbox 762 1327 858 1392; x_wconf 83' lang='lat' dir='ltr'><em>amici</em></span> <span class='ocrx_word' id='word_1_80' title='bbox 886 1325 1076 1391; x_wconf 85' lang='lat' dir='ltr'><strong>laudantem</strong></span> <span class='ocrx_word' id='word_1_81' title='bbox 1109 1321 1293 1410; x_wconf 83' lang='lat' dir='ltr'><em>defignavit</em></span> 
     </span>
     <span class='ocr_line' id='line_1_11' title="bbox 236 1430 684 1512; baseline 0.002 -19"><span class='ocrx_word' id='word_1_82' title='bbox 236 1430 391 1494; x_wconf 84' lang='lat' dir='ltr'>Horatius</span> <span class='ocrx_word' id='word_1_83' title='bbox 406 1434 478 1493; x_wconf 88' lang='lat' dir='ltr'><strong>Art.</strong></span> <span class='ocrx_word' id='word_1_84' title='bbox 495 1433 582 1494; x_wconf 90' lang='lat' dir='ltr'><em>Poet.</em></span> <span class='ocrx_word' id='word_1_85' title='bbox 591 1448 653 1512; x_wconf 83' lang='lat'><em>427</em></span> <span class='ocrx_word' id='word_1_86' title='bbox 665 1434 684 1494; x_wconf 86' lang='lat'><em>:&#39;</em></span> 
     </span>
    </p>

    <p class='ocr_par' dir='ltr' id='par_1_4' title="bbox 323 1530 1143 1823">
     <span class='ocr_line' id='line_1_12' title="bbox 323 1530 1034 1618; baseline 0 -24"><span class='ocrx_word' id='word_1_87' title='bbox 323 1531 424 1594; x_wconf 82' lang='lat' dir='ltr'><em>Nolito</em></span> <span class='ocrx_word' id='word_1_88' title='bbox 439 1533 483 1594; x_wconf 86' lang='lat' dir='ltr'><em>ad</em></span> <span class='ocrx_word' id='word_1_89' title='bbox 494 1535 596 1616; x_wconf 66' lang='lat' dir='ltr'><em>nortus</em></span> <span class='ocrx_word' id='word_1_90' title='bbox 612 1532 666 1594; x_wconf 83' lang='lat' dir='ltr'><em>tibi</em></span> <span class='ocrx_word' id='word_1_91' title='bbox 675 1533 779 1617; x_wconf 63' lang='lat' dir='ltr'><em>factos</em></span> <span class='ocrx_word' id='word_1_92' title='bbox 793 1533 896 1595; x_wconf 80' lang='lat' dir='ltr'><em>deterre</em></span> <span class='ocrx_word' id='word_1_93' title='bbox 913 1530 1034 1618; x_wconf 77' lang='lat' dir='ltr'><em>plenum</em></span> 
     </span>
     <span class='ocr_line' id='line_1_13' title="bbox 323 1631 1143 1712; baseline 0.002 -18"><span class='ocrx_word' id='word_1_94' title='bbox 323 1631 474 1695; x_wconf 69' lang='lat' dir='ltr'><em>Laetitiae:</em></span> <span class='ocrx_word' id='word_1_95' title='bbox 497 1632 636 1695; x_wconf 81' lang='lat' dir='ltr'><em>etanatit</em></span> <span class='ocrx_word' id='word_1_96' title='bbox 651 1633 738 1712; x_wconf 86' lang='lat' dir='ltr'><em>enirn,</em></span> <span class='ocrx_word' id='word_1_97' title='bbox 757 1631 877 1696; x_wconf 79' lang='lat' dir='ltr'><em>Pulcra!</em></span> <span class='ocrx_word' id='word_1_98' title='bbox 902 1632 1000 1695; x_wconf 85' lang='lat' dir='ltr'><em>Bene!</em></span> <span class='ocrx_word' id='word_1_99' title='bbox 1025 1631 1143 1696; x_wconf 73' lang='lat' dir='ltr'><em>Reae!</em></span> 
     </span>
     <span class='ocr_line' id='line_1_14' title="bbox 324 1732 1018 1823; baseline -0.003 -28"><span class='ocrx_word' id='word_1_100' title='bbox 324 1732 486 1820; x_wconf 68' lang='lat' dir='ltr'><em>Palloscet3</em></span> <span class='ocrx_word' id='word_1_101' title='bbox 499 1733 594 1823; x_wconf 82' lang='lat' dir='ltr'><em>super</em></span> <span class='ocrx_word' id='word_1_102' title='bbox 609 1734 757 1798; x_wconf 75' lang='lat' dir='ltr'><em>bisarion</em></span> <span class='ocrx_word' id='word_1_103' title='bbox 767 1733 902 1818; x_wconf 77' lang='lat' dir='ltr'><em>stillabit</em></span> <span class='ocrx_word' id='word_1_104' title='bbox 917 1732 1018 1795; x_wconf 82' lang='lat' dir='ltr'><em>amicis</em></span> 
     </span>
    </p>

    <p class='ocr_par' dir='ltr' id='par_1_5' title="bbox 324 1826 1061 1923">
     <span class='ocr_line' id='line_1_15' title="bbox 324 1826 1061 1923; baseline 0 -26"><span class='ocrx_word' id='word_1_105' title='bbox 324 1835 378 1897; x_wconf 76' lang='lat' dir='ltr'><em>Ex</em></span> <span class='ocrx_word' id='word_1_106' title='bbox 391 1834 480 1898; x_wconf 83' lang='lat' dir='ltr'><em>oculis</em></span> <span class='ocrx_word' id='word_1_107' title='bbox 495 1858 602 1899; x_wconf 85' lang='lat' dir='ltr'><em>rorem:</em></span> <span class='ocrx_word' id='word_1_108' title='bbox 615 1835 721 1921; x_wconf 67' lang='lat' dir='ltr'><em>sentiet,</em></span> <span class='ocrx_word' id='word_1_109' title='bbox 737 1837 839 1898; x_wconf 87' lang='lat' dir='ltr'><em>tundet</em></span> <span class='ocrx_word' id='word_1_110' title='bbox 851 1826 925 1923; x_wconf 79' lang='lat' dir='ltr'><em>pedo</em></span> <span class='ocrx_word' id='word_1_111' title='bbox 937 1847 1061 1897; x_wconf 87' lang='lat' dir='ltr'><em>terram.</em></span> 
     </span>
    </p>

    <p class='ocr_par' dir='ltr' id='par_1_6' title="bbox 328 1936 1022 2024">
     <span class='ocr_line' id='line_1_16' title="bbox 328 1936 1022 2024; baseline -0.001 -25"><span class='ocrx_word' id='word_1_112' title='bbox 328 1937 368 1999; x_wconf 67' lang='lat' dir='ltr'><em>Ut</em></span> <span class='ocrx_word' id='word_1_113' title='bbox 383 1937 434 2022; x_wconf 85' lang='lat' dir='ltr'><em>qui</em></span> <span class='ocrx_word' id='word_1_114' title='bbox 450 1939 583 2000; x_wconf 71' lang='lat' dir='ltr'><em>condutti</em></span> <span class='ocrx_word' id='word_1_115' title='bbox 600 1936 720 2024; x_wconf 79' lang='lat' dir='ltr'><em>plorant</em></span> <span class='ocrx_word' id='word_1_116' title='bbox 735 1938 765 2000; x_wconf 88' lang='lat' dir='ltr'><em>in</em></span> <span class='ocrx_word' id='word_1_117' title='bbox 776 1937 902 2022; x_wconf 84' lang='lat' dir='ltr'><em>funere,</em></span> <span class='ocrx_word' id='word_1_118' title='bbox 919 1936 1022 1998; x_wconf 75' lang='lat' dir='ltr'><em>alienent</em></span> 
     </span>
    </p>

    <p class='ocr_par' dir='ltr' id='par_1_7' title="bbox 324 2035 1135 2226">
     <span class='ocr_line' id='line_1_17' title="bbox 324 2035 1135 2125; baseline 0.002 -27"><span class='ocrx_word' id='word_1_119' title='bbox 324 2036 370 2099; x_wconf 82' lang='lat' dir='ltr'><em>Et</em></span> <span class='ocrx_word' id='word_1_120' title='bbox 381 2036 508 2121; x_wconf 71' lang='lat' dir='ltr'><em>jaciunt</em></span> <span class='ocrx_word' id='word_1_121' title='bbox 520 2053 609 2124; x_wconf 79' lang='lat' dir='ltr'><em>prope</em></span> <span class='ocrx_word' id='word_1_122' title='bbox 618 2036 709 2125; x_wconf 71' lang='lat' dir='ltr'><em>pluro</em></span> <span class='ocrx_word' id='word_1_123' title='bbox 725 2037 889 2100; x_wconf 82' lang='lat' dir='ltr'><em>dolentibus</em></span> <span class='ocrx_word' id='word_1_124' title='bbox 903 2061 937 2099; x_wconf 79' lang='lat' dir='ltr'><em>ea</em></span> <span class='ocrx_word' id='word_1_125' title='bbox 950 2035 1066 2099; x_wconf 80' lang='lat' dir='ltr'><em>animo:</em></span> <span class='ocrx_word' id='word_1_126' title='bbox 1079 2037 1135 2122; x_wconf 78' lang='lat' dir='ltr'><em>fic</em></span> 
     </span>
     <span class='ocr_line' id='line_1_18' title="bbox 326 2139 940 2226; baseline -0.003 -25"><span class='ocrx_word' id='word_1_127' title='bbox 326 2139 448 2224; x_wconf 78' lang='lat' dir='ltr'><em>Derisor</em></span> <span class='ocrx_word' id='word_1_128' title='bbox 460 2163 530 2201; x_wconf 84' lang='lat' dir='ltr'><em>vero</em></span> <span class='ocrx_word' id='word_1_129' title='bbox 542 2139 611 2226; x_wconf 86' lang='lat' dir='ltr'><em>plus</em></span> <span class='ocrx_word' id='word_1_130' title='bbox 627 2139 784 2201; x_wconf 81' lang='lat' dir='ltr'><em>laudatore</em></span> <span class='ocrx_word' id='word_1_131' title='bbox 796 2150 940 2201; x_wconf 82' lang='lat' dir='ltr'><em>movetur.</em></span> 
     </span>
    </p>

    <p class='ocr_par' dir='ltr' id='par_1_8' title="bbox 177 2237 1301 3832">
     <span class='ocr_line' id='line_1_19' title="bbox 284 2237 1297 2328; baseline 0.002 -25"><span class='ocrx_word' id='word_1_132' title='bbox 284 2241 338 2324; x_wconf 82' lang='lat'><em>58.</em></span> <span class='ocrx_word' id='word_1_133' title='bbox 354 2241 392 2303; x_wconf 92' lang='grc' dir='ltr'><em>Β.</em></span> <span class='ocrx_word' id='word_1_134' title='bbox 423 2241 545 2321; x_wconf 57' lang='lat' dir='ltr'><em>Sir-&amp;nri</em></span> <span class='ocrx_word' id='word_1_135' title='bbox 569 2247 682 2328; x_wconf 74' lang='grc' dir='ltr'><strong><em>ἐρωτῶν,</em></strong></span> <span class='ocrx_word' id='word_1_136' title='bbox 707 2240 779 2303; x_wconf 78' lang='grc' dir='ltr'>ἄλλο</span> <span class='ocrx_word' id='word_1_137' title='bbox 801 2240 927 2323; x_wconf 60' lang='lat' dir='ltr'><em>puntiau</em></span> <span class='ocrx_word' id='word_1_138' title='bbox 947 2237 1044 2325; x_wconf 66' lang='grc' dir='ltr'>χρέος]</span> <span class='ocrx_word' id='word_1_139' title='bbox 1071 2241 1217 2327; x_wconf 79' lang='lat' dir='ltr'><em>Tragici</em></span> <span class='ocrx_word' id='word_1_140' title='bbox 1236 2240 1297 2305; x_wconf 83' lang='lat' dir='ltr'><em>effe</em></span> 
     </span>
     <span class='ocr_line' id='line_1_20' title="bbox 243 2342 1296 2432; baseline 0.003 -27"><span class='ocrx_word' id='word_1_141' title='bbox 243 2344 377 2422; x_wconf 86' lang='lat' dir='ltr'><em>videtur,</em></span> <span class='ocrx_word' id='word_1_142' title='bbox 394 2359 480 2408; x_wconf 88' lang='lat' dir='ltr'><em>certe</em></span> <span class='ocrx_word' id='word_1_143' title='bbox 495 2347 537 2408; x_wconf 88' lang='lat' dir='ltr'><em>est</em></span> <span class='ocrx_word' id='word_1_144' title='bbox 554 2345 657 2432; x_wconf 81' lang='lat' dir='ltr'><em>justus</em></span> <span class='ocrx_word' id='word_1_145' title='bbox 674 2345 853 2424; x_wconf 83' lang='lat' dir='ltr'><em>Iambicus;</em></span> <span class='ocrx_word' id='word_1_146' title='bbox 877 2365 941 2430; x_wconf 91' lang='lat' dir='ltr'><em>quo</em></span> <span class='ocrx_word' id='word_1_147' title='bbox 955 2342 1059 2427; x_wconf 84' lang='lat' dir='ltr'><em>magis</em></span> <span class='ocrx_word' id='word_1_148' title='bbox 1075 2343 1188 2407; x_wconf 90' lang='lat' dir='ltr'><em>miror</em></span> <span class='ocrx_word' id='word_1_149' title='bbox 1202 2344 1296 2408; x_wconf 83' lang='lat' dir='ltr'><em>Eras-</em></span> 
     </span>
     <span class='ocr_line' id='line_1_21' title="bbox 242 2443 1297 2534; baseline -0.002 -23"><span class='ocrx_word' id='word_1_150' title='bbox 242 2469 332 2511; x_wconf 79' lang='lat' dir='ltr'><em>munt</em></span> <span class='ocrx_word' id='word_1_151' title='bbox 350 2462 384 2511; x_wconf 88' lang='lat' dir='ltr'><em>et</em></span> <span class='ocrx_word' id='word_1_152' title='bbox 405 2447 587 2511; x_wconf 72' lang='lat' dir='ltr'><em>Censorium</em></span> <span class='ocrx_word' id='word_1_153' title='bbox 602 2448 744 2534; x_wconf 85' lang='lat' dir='ltr'><em>proxima</em></span> <span class='ocrx_word' id='word_1_154' title='bbox 761 2447 854 2510; x_wconf 88' lang='lat' dir='ltr'><em>verba</em></span> <span class='ocrx_word' id='word_1_155' title='bbox 872 2443 1009 2521; x_wconf 55' lang='lat' dir='ltr'><em>&amp;atriano</em></span> <span class='ocrx_word' id='word_1_156' title='bbox 1024 2444 1047 2528; x_wconf 72' lang='lat' dir='ltr'><em>’i</em></span> <span class='ocrx_word' id='word_1_157' title='bbox 1062 2456 1297 2527; x_wconf 67' lang='grc' dir='ltr'><strong><em>συνεπιτυφῶσσν</em></strong></span> 
     </span>
     <span class='ocr_line' id='line_1_22' title="bbox 242 2548 1298 2634; baseline 0.001 -24"><span class='ocrx_word' id='word_1_158' title='bbox 242 2549 405 2630; x_wconf 59' lang='lat' dir='ltr'><em>potiusne,</em></span> <span class='ocrx_word' id='word_1_159' title='bbox 425 2572 498 2634; x_wconf 87' lang='lat' dir='ltr'><em>quae</em></span> <span class='ocrx_word' id='word_1_160' title='bbox 518 2573 604 2612; x_wconf 89' lang='lat' dir='ltr'><em>mere</em></span> <span class='ocrx_word' id='word_1_161' title='bbox 626 2549 697 2612; x_wconf 85' lang='lat' dir='ltr'><em>sunt</em></span> <span class='ocrx_word' id='word_1_162' title='bbox 718 2548 914 2626; x_wconf 85' lang='lat' dir='ltr'><em>Plutarchea,</em></span> <span class='ocrx_word' id='word_1_163' title='bbox 931 2563 1098 2630; x_wconf 87' lang='lat' dir='ltr'><em>tamquam</em></span> <span class='ocrx_word' id='word_1_164' title='bbox 1116 2548 1298 2611; x_wconf 80' lang='lat' dir='ltr'><em>senarium</em></span> 
     </span>
     <span class='ocr_line' id='line_1_23' title="bbox 243 2644 1300 2735; baseline -0.002 -23"><span class='ocrx_word' id='word_1_165' title='bbox 243 2651 394 2733; x_wconf 78' lang='lat' dir='ltr'><em>accepisse</em></span> <span class='ocrx_word' id='word_1_166' title='bbox 409 2666 442 2713; x_wconf 90' lang='lat' dir='ltr'><em>et</em></span> <span class='ocrx_word' id='word_1_167' title='bbox 455 2649 658 2714; x_wconf 79' lang='lat' dir='ltr'><em>antecedenti</em></span> <span class='ocrx_word' id='word_1_168' title='bbox 672 2648 875 2712; x_wconf 81' lang='lat' dir='ltr'><em>continuasse.</em></span> <span class='ocrx_word' id='word_1_169' title='bbox 905 2647 964 2711; x_wconf 86' lang='lat' dir='ltr'><strong>Ille</strong></span> <span class='ocrx_word' id='word_1_170' title='bbox 979 2644 1141 2710; x_wconf 85' lang='lat' dir='ltr'><em>reddidit:</em></span> <span class='ocrx_word' id='word_1_171' title='bbox 1170 2647 1300 2735; x_wconf 82' lang='lat' dir='ltr'><em>Rogare</em></span> 
     </span>
     <span class='ocr_line' id='line_1_24' title="bbox 232 2746 1300 2837; baseline 0.002 -27"><span class='ocrx_word' id='word_1_172' title='bbox 232 2750 347 2834; x_wconf 76' lang='lat' dir='ltr'><em>Jlrnlt&#39;o,</em></span> <span class='ocrx_word' id='word_1_173' title='bbox 372 2763 508 2813; x_wconf 70' lang='lat' dir='ltr'><em>caelarunt</em></span> <span class='ocrx_word' id='word_1_174' title='bbox 534 2750 622 2811; x_wconf 84' lang='lat' dir='ltr'><em>aliud</em></span> <span class='ocrx_word' id='word_1_175' title='bbox 648 2753 820 2837; x_wconf 67' lang='lat' dir='ltr'><em>persequens</em></span> <span class='ocrx_word' id='word_1_176' title='bbox 845 2747 910 2810; x_wconf 77' lang='lat' dir='ltr'><em>Hoc</em></span> <span class='ocrx_word' id='word_1_177' title='bbox 936 2771 1037 2834; x_wconf 77' lang='lat' dir='ltr'><em>agore,</em></span> <span class='ocrx_word' id='word_1_178' title='bbox 1063 2759 1100 2808; x_wconf 82' lang='lat' dir='ltr'><em>ut</em></span> <span class='ocrx_word' id='word_1_179' title='bbox 1127 2746 1300 2811; x_wconf 74' lang='lat' dir='ltr'><em>laudetur</em></span> 
     </span>
     <span class='ocr_line' id='line_1_25' title="bbox 245 2848 1300 2937; baseline 0 -25"><span class='ocrx_word' id='word_1_180' title='bbox 245 2849 401 2914; x_wconf 82' lang='lat' dir='ltr'><em>laudatura</em></span> <span class='ocrx_word' id='word_1_181' title='bbox 430 2853 527 2937; x_wconf 86' lang='lat' dir='ltr'><em>magis</em></span> <span class='ocrx_word' id='word_1_182' title='bbox 555 2851 693 2914; x_wconf 80' lang='lat' dir='ltr'><em>exoculet.</em></span> <span class='ocrx_word' id='word_1_183' title='bbox 739 2849 923 2914; x_wconf 83' lang='lat' dir='ltr'><em>Cruserius:</em></span> <span class='ocrx_word' id='word_1_184' title='bbox 955 2849 1083 2934; x_wconf 81' lang='lat' dir='ltr'><em>Signum</em></span> <span class='ocrx_word' id='word_1_185' title='bbox 1110 2863 1229 2935; x_wconf 73' lang='lat' dir='ltr'><em>petere,</em></span> <span class='ocrx_word' id='word_1_186' title='bbox 1257 2848 1300 2935; x_wconf 80' lang='lat' dir='ltr'><em>ast</em></span> 
     </span>
     <span class='ocr_line' id='line_1_26' title="bbox 177 2950 1298 3039; baseline 0 -24"><span class='ocrx_word' id='word_1_187' title='bbox 177 2981 180 2988; x_wconf 69' lang='grc'><strong>’</strong></span> <span class='ocrx_word' id='word_1_188' title='bbox 246 2952 333 3017; x_wconf 78' lang='lat' dir='ltr'><em>aliurl</em></span> <span class='ocrx_word' id='word_1_189' title='bbox 352 2955 498 3039; x_wconf 76' lang='lat' dir='ltr'><em>requirere</em></span> <span class='ocrx_word' id='word_1_190' title='bbox 512 2954 654 3031; x_wconf 82' lang='lat' dir='ltr'><em>delitum,</em></span> <span class='ocrx_word' id='word_1_191' title='bbox 681 2954 720 3016; x_wconf 77' lang='lat' dir='ltr'><em>L&#39;t</em></span> <span class='ocrx_word' id='word_1_192' title='bbox 742 2951 882 3015; x_wconf 72' lang='lat' dir='ltr'><em>latialibus</em></span> <span class='ocrx_word' id='word_1_193' title='bbox 897 2950 1017 3014; x_wconf 83' lang='lat' dir='ltr'><em>celebret</em></span> <span class='ocrx_word' id='word_1_194' title='bbox 1031 2950 1181 3037; x_wconf 83' lang='lat' dir='ltr'><em>infletque</em></span> <span class='ocrx_word' id='word_1_195' title='bbox 1192 2954 1298 3039; x_wconf 78' lang='lat' dir='ltr'><em>spiri-</em></span> 
     </span>
     <span class='ocr_line' id='line_1_27' title="bbox 246 3053 1296 3141; baseline 0.002 -25"><span class='ocrx_word' id='word_1_196' title='bbox 246 3068 304 3119; x_wconf 85' lang='lat' dir='ltr'><em>tus.</em></span> <span class='ocrx_word' id='word_1_197' title='bbox 350 3054 514 3141; x_wconf 77' lang='lat' dir='ltr'><em>Xylnnder</em></span> <span class='ocrx_word' id='word_1_198' title='bbox 527 3057 620 3133; x_wconf 84' lang='lat' dir='ltr'><strong>bene,</strong></span> <span class='ocrx_word' id='word_1_199' title='bbox 636 3055 721 3141; x_wconf 94' lang='lat' dir='ltr'><em>quod</em></span> <span class='ocrx_word' id='word_1_200' title='bbox 738 3053 927 3118; x_wconf 87' lang='lat' dir='ltr'><em>Plutarohea</em></span> <span class='ocrx_word' id='word_1_201' title='bbox 940 3075 1004 3116; x_wconf 93' lang='lat' dir='ltr'><em>non</em></span> <span class='ocrx_word' id='word_1_202' title='bbox 1020 3053 1123 3115; x_wconf 82' lang='lat' dir='ltr'><em>versui</em></span> <span class='ocrx_word' id='word_1_203' title='bbox 1138 3053 1296 3139; x_wconf 87' lang='lat' dir='ltr'><em>implica·</em></span> 
     </span>
     <span class='ocr_line' id='line_1_28' title="bbox 247 3152 1297 3242; baseline -0.001 -22"><span class='ocrx_word' id='word_1_204' title='bbox 247 3157 291 3220; x_wconf 88' lang='lat' dir='ltr'><em>vit</em></span> <span class='ocrx_word' id='word_1_205' title='bbox 306 3185 312 3218; x_wconf 92' lang='lat'>:</span> <span class='ocrx_word' id='word_1_206' title='bbox 338 3157 443 3220; x_wconf 89' lang='lat' dir='ltr'><em>minus</em></span> <span class='ocrx_word' id='word_1_207' title='bbox 458 3157 551 3235; x_wconf 84' lang='lat' dir='ltr'><em>bone,</em></span> <span class='ocrx_word' id='word_1_208' title='bbox 568 3155 654 3241; x_wconf 91' lang='lat' dir='ltr'><em>quod</em></span> <span class='ocrx_word' id='word_1_209' title='bbox 668 3156 791 3235; x_wconf 63' lang='lat' dir='ltr'><em>Edrdnp&#39;</em></span> <span class='ocrx_word' id='word_1_210' title='bbox 807 3160 911 3240; x_wconf 67' lang='grc' dir='ltr'><em>ἐραστῶν</em></span> <span class='ocrx_word' id='word_1_211' title='bbox 924 3153 1018 3217; x_wconf 87' lang='lat' dir='ltr'><em>vertit</em></span> <span class='ocrx_word' id='word_1_212' title='bbox 1032 3152 1161 3240; x_wconf 82' lang='lat' dir='ltr'><em>Rogaffe</em></span> <span class='ocrx_word' id='word_1_213' title='bbox 1177 3170 1297 3242; x_wconf 85' lang='lat' dir='ltr'><em>compo·</em></span> 
     </span>
     <span class='ocr_line' id='line_1_29' title="bbox 235 3255 1297 3345; baseline 0 -25"><span class='ocrx_word' id='word_1_214' title='bbox 235 3261 308 3345; x_wconf 84' lang='lat' dir='ltr'><em>fito.</em></span> <span class='ocrx_word' id='word_1_215' title='bbox 355 3257 482 3321; x_wconf 60' lang='lat' dir='ltr'><em>noenius</em></span> <span class='ocrx_word' id='word_1_216' title='bbox 505 3258 536 3320; x_wconf 89' lang='lat' dir='ltr'><em>in</em></span> <span class='ocrx_word' id='word_1_217' title='bbox 561 3256 807 3321; x_wconf 82' lang='lat' dir='ltr'><em>Graeco-Latina</em></span> <span class='ocrx_word' id='word_1_218' title='bbox 830 3255 943 3318; x_wconf 86' lang='lat' dir='ltr'><em>ultima</em></span> <span class='ocrx_word' id='word_1_219' title='bbox 967 3255 1166 3336; x_wconf 84' lang='lat' dir='ltr'><em>anni1624.</em></span> <span class='ocrx_word' id='word_1_220' title='bbox 1194 3279 1297 3343; x_wconf 89' lang='lat' dir='ltr'><em>quarn</em></span> 
     </span>
     <span class='ocr_line' id='line_1_30' title="bbox 247 3359 1299 3447; baseline -0.001 -23"><span class='ocrx_word' id='word_1_221' title='bbox 247 3385 305 3425; x_wconf 91' lang='lat' dir='ltr'><em>nos</em></span> <span class='ocrx_word' id='word_1_222' title='bbox 321 3359 662 3446; x_wconf 78' lang='lat' dir='ltr'><em>1·epetivirnnS,Rogar·e</em></span> <span class='ocrx_word' id='word_1_223' title='bbox 676 3361 818 3444; x_wconf 79' lang='lat' dir='ltr'><em>tefflram,</em></span> <span class='ocrx_word' id='word_1_224' title='bbox 836 3359 923 3421; x_wconf 87' lang='lat' dir='ltr'><em>aliud</em></span> <span class='ocrx_word' id='word_1_225' title='bbox 936 3371 1033 3421; x_wconf 79' lang='lat' dir='ltr'><em>autent</em></span> <span class='ocrx_word' id='word_1_226' title='bbox 1047 3381 1206 3443; x_wconf 72' lang='lat' dir='ltr'><em>quaerere:</em></span> <span class='ocrx_word' id='word_1_227' title='bbox 1224 3384 1299 3447; x_wconf 78' lang='lat' dir='ltr'><em>quae</em></span> 
     </span>
     <span class='ocr_line' id='line_1_31' title="bbox 247 3459 1300 3551; baseline 0.001 -26"><span class='ocrx_word' id='word_1_228' title='bbox 247 3466 429 3548; x_wconf 83' lang='lat' dir='ltr'><em>Amyoturn</em></span> <span class='ocrx_word' id='word_1_229' title='bbox 448 3462 553 3525; x_wconf 82' lang='lat' dir='ltr'><em>l&#39;ecuta</em></span> <span class='ocrx_word' id='word_1_230' title='bbox 568 3462 691 3523; x_wconf 76' lang='lat' dir='ltr'><em>ridetur</em></span> <span class='ocrx_word' id='word_1_231' title='bbox 704 3462 786 3523; x_wconf 89' lang='lat' dir='ltr'><strong>bene</strong></span> <span class='ocrx_word' id='word_1_232' title='bbox 805 3460 1003 3538; x_wconf 84' lang='lat' dir='ltr'><strong>reddentem,</strong></span> <span class='ocrx_word' id='word_1_233' title='bbox 1020 3459 1064 3522; x_wconf 85' lang='lat' dir='ltr'><em>La</em></span> <span class='ocrx_word' id='word_1_234' title='bbox 1075 3473 1141 3523; x_wconf 82' lang='lat' dir='ltr'><em>mot</em></span> <span class='ocrx_word' id='word_1_235' title='bbox 1155 3462 1203 3525; x_wconf 86' lang='lat' dir='ltr'><em>du</em></span> <span class='ocrx_word' id='word_1_236' title='bbox 1224 3477 1300 3551; x_wconf 76' lang='lat' dir='ltr'><em>guel</em></span> 
     </span>
     <span class='ocr_line' id='line_1_32' title="bbox 248 3562 1299 3650; baseline 0 -21"><span class='ocrx_word' id='word_1_237' title='bbox 248 3567 273 3629; x_wconf 84' lang='lat' dir='ltr'><em>il</em></span> <span class='ocrx_word' id='word_1_238' title='bbox 288 3591 358 3628; x_wconf 85' lang='lat' dir='ltr'><em>nous</em></span> <span class='ocrx_word' id='word_1_239' title='bbox 372 3592 415 3629; x_wconf 78' lang='lat' dir='ltr'><em>oa</em></span> <span class='ocrx_word' id='word_1_240' title='bbox 431 3568 622 3641; x_wconf 73' lang='lat' dir='ltr'><em>clernanclant,</em></span> <span class='ocrx_word' id='word_1_241' title='bbox 642 3564 730 3626; x_wconf 73' lang='lat' dir='ltr'><em>Meris</em></span> <span class='ocrx_word' id='word_1_242' title='bbox 744 3576 831 3625; x_wconf 86' lang='lat' dir='ltr'><em>antra</em></span> <span class='ocrx_word' id='word_1_243' title='bbox 846 3566 924 3650; x_wconf 75' lang='lat' dir='ltr'><em>chosi</em></span> <span class='ocrx_word' id='word_1_244' title='bbox 939 3562 963 3626; x_wconf 89' lang='lat' dir='ltr'><em>il</em></span> <span class='ocrx_word' id='word_1_245' title='bbox 976 3564 1095 3626; x_wconf 78' lang='lat' dir='ltr'><em>charcha·</em></span> <span class='ocrx_word' id='word_1_246' title='bbox 1110 3569 1299 3650; x_wconf 78' lang='lat' dir='ltr'><em>ceperrdant.</em></span> 
     </span>
     <span class='ocr_line' id='line_1_33' title="bbox 248 3664 1301 3754; baseline 0.002 -25"><span class='ocrx_word' id='word_1_247' title='bbox 248 3668 396 3747; x_wconf 69' lang='grc' dir='ltr'><em>Σύνθημα,</em></span> <span class='ocrx_word' id='word_1_248' title='bbox 414 3669 515 3752; x_wconf 63' lang='lat' dir='ltr'><em>testera</em></span> <span class='ocrx_word' id='word_1_249' title='bbox 530 3667 680 3743; x_wconf 82' lang='lat' dir='ltr'><em>militaris,</em></span> <span class='ocrx_word' id='word_1_250' title='bbox 703 3664 788 3749; x_wconf 85' lang='lat' dir='ltr'><em>apud</em></span> <span class='ocrx_word' id='word_1_251' title='bbox 810 3687 921 3728; x_wconf 87' lang='lat' dir='ltr'><em>omnes</em></span> <span class='ocrx_word' id='word_1_252' title='bbox 938 3665 1117 3749; x_wconf 88' lang='lat' dir='ltr'><em>Scriptores</em></span> <span class='ocrx_word' id='word_1_253' title='bbox 1138 3667 1301 3754; x_wconf 81' lang='lat' dir='ltr'><em>frequens</em></span> 
     </span>
     <span class='ocr_line' id='line_1_34' title="bbox 249 3768 1122 3832; baseline -0.005 0"><span class='ocrx_word' id='word_1_254' title='bbox 249 3770 291 3832; x_wconf 82' lang='lat' dir='ltr'><em>est</em></span> <span class='ocrx_word' id='word_1_255' title='bbox 306 3768 507 3831; x_wconf 85' lang='lat' dir='ltr'><em>vocabulum.</em></span> <span class='ocrx_word' id='word_1_256' title='bbox 1119 3771 1122 3775; x_wconf 85' lang='grc'><strong>’</strong></span> 
     </span>
    </p>

    <p class='ocr_par' dir='ltr' id='par_1_9' title="bbox 251 3865 1301 4055">
     <span class='ocr_line' id='line_1_35' title="bbox 292 3865 1301 3954; baseline -0.008 -22"><span class='ocrx_word' id='word_1_257' title='bbox 292 3873 346 3954; x_wconf 84' lang='lat'><em>58.</em></span> <span class='ocrx_word' id='word_1_258' title='bbox 362 3870 400 3932; x_wconf 86' lang='grc' dir='ltr'><em>Β.</em></span> <span class='ocrx_word' id='word_1_259' title='bbox 428 3873 475 3945; x_wconf 79' lang='grc' dir='ltr'><em>τὴν</em></span> <span class='ocrx_word' id='word_1_260' title='bbox 498 3868 656 3952; x_wconf 71' lang='grc' dir='ltr'>ζωγραφίαν</span> <span class='ocrx_word' id='word_1_261' title='bbox 674 3878 820 3931; x_wconf 65' lang='grc' dir='ltr'><strong><em>σιωπῶσαν</em></strong></span> <span class='ocrx_word' id='word_1_262' title='bbox 839 3865 1007 3953; x_wconf 61' lang='lat' dir='ltr'><em>&amp;retritum</em></span> <span class='ocrx_word' id='word_1_263' title='bbox 1027 3871 1212 3954; x_wconf 73' lang='grc' dir='ltr'><em>στοιητνκὴν,]</em></span> <span class='ocrx_word' id='word_1_264' title='bbox 1248 3872 1301 3937; x_wconf 80' lang='lat' dir='ltr'><em>Si.</em></span> 
     </span>
     <span class='ocr_line' id='line_1_36' title="bbox 251 3968 919 4055; baseline -0.009 -18"><span class='ocrx_word' id='word_1_265' title='bbox 251 3970 407 4047; x_wconf 79' lang='lat' dir='ltr'><em>monideS,</em></span> <span class='ocrx_word' id='word_1_266' title='bbox 424 3968 510 4055; x_wconf 91' lang='lat' dir='ltr'><em>qnod</em></span> <span class='ocrx_word' id='word_1_267' title='bbox 525 3970 702 4032; x_wconf 79' lang='lat' dir='ltr'><em>notavimus</em></span> <span class='ocrx_word' id='word_1_268' title='bbox 716 3969 754 4032; x_wconf 83' lang='lat' dir='ltr'><em>ad</em></span> <span class='ocrx_word' id='word_1_269' title='bbox 771 3991 803 4053; x_wconf 90' lang='lat' dir='ltr'><em>p.</em></span> <span class='ocrx_word' id='word_1_270' title='bbox 819 3988 868 4050; x_wconf 82' lang='lat'><em>17.</em></span> <span class='ocrx_word' id='word_1_271' title='bbox 885 3971 919 4031; x_wconf 82' lang='lat' dir='ltr'><em>F.</em></span> 
     </span>
    </p>

    <p class='ocr_par' dir='ltr' id='par_1_10' title="bbox 253 4064 1306 4363">
     <span class='ocr_line' id='line_1_37' title="bbox 294 4064 1305 4158; baseline 0.004 -21"><span class='ocrx_word' id='word_1_272' title='bbox 294 4076 348 4158; x_wconf 79' lang='lat'><em>58.</em></span> <span class='ocrx_word' id='word_1_273' title='bbox 365 4074 409 4137; x_wconf 92' lang='lat' dir='ltr'><em>D.</em></span> <span class='ocrx_word' id='word_1_274' title='bbox 439 4075 578 4146; x_wconf 77' lang='grc' dir='ltr'>Ἀπελλῆς</span> <span class='ocrx_word' id='word_1_275' title='bbox 602 4064 921 4154; x_wconf 55' lang='grc' dir='ltr'><em>μὲν-Μεγαέύζουὲ]</em></span> <span class='ocrx_word' id='word_1_276' title='bbox 954 4070 1080 4148; x_wconf 80' lang='lat' dir='ltr'><em>Partem</em></span> <span class='ocrx_word' id='word_1_277' title='bbox 1103 4068 1214 4158; x_wconf 86' lang='lat' dir='ltr'><em>hujus</em></span> <span class='ocrx_word' id='word_1_278' title='bbox 1239 4075 1305 4141; x_wconf 83' lang='lat' dir='ltr'><em>dit-</em></span> 
     </span>
     <span class='ocr_line' id='line_1_38' title="bbox 253 4172 1305 4262; baseline -0.004 -23"><span class='ocrx_word' id='word_1_279' title='bbox 253 4176 429 4262; x_wconf 85' lang='lat' dir='ltr'><em>putationis</em></span> <span class='ocrx_word' id='word_1_280' title='bbox 451 4174 576 4259; x_wconf 87' lang='lat' dir='ltr'><em>reponit</em></span> <span class='ocrx_word' id='word_1_281' title='bbox 598 4174 786 4237; x_wconf 80' lang='lat' dir='ltr'><em>Plutarchus</em></span> <span class='ocrx_word' id='word_1_282' title='bbox 805 4175 856 4236; x_wconf 83' lang='lat' dir='ltr'><em>De</em></span> <span class='ocrx_word' id='word_1_283' title='bbox 869 4172 980 4237; x_wconf 83' lang='lat' dir='ltr'><em>Anim.</em></span> <span class='ocrx_word' id='word_1_284' title='bbox 995 4173 1141 4257; x_wconf 85' lang='lat' dir='ltr'><em>Tranqu.</em></span> <span class='ocrx_word' id='word_1_285' title='bbox 1168 4197 1205 4260; x_wconf 90' lang='lat' dir='ltr'><em>p.</em></span> <span class='ocrx_word' id='word_1_286' title='bbox 1222 4199 1305 4262; x_wconf 81' lang='lat'>471,</span> 
     </span>
     <span class='ocr_line' id='line_1_39' title="bbox 253 4273 1306 4363; baseline 0.004 -21"><span class='ocrx_word' id='word_1_287' title='bbox 253 4280 297 4342; x_wconf 81' lang='lat' dir='ltr'><em>F:</em></span> <span class='ocrx_word' id='word_1_288' title='bbox 332 4274 501 4363; x_wconf 72' lang='grc' dir='ltr'><strong><em>Μεγάὲνζον</em></strong></span> <span class='ocrx_word' id='word_1_289' title='bbox 521 4276 549 4339; x_wconf 68' lang='grc' dir='ltr'><em>δὲ</em></span> <span class='ocrx_word' id='word_1_290' title='bbox 571 4278 617 4339; x_wconf 75' lang='grc' dir='ltr'><em>τὸν</em></span> <span class='ocrx_word' id='word_1_291' title='bbox 642 4274 752 4360; x_wconf 66' lang='grc' dir='ltr'><strong><em>Πίρσην</em></strong></span> <span class='ocrx_word' id='word_1_292' title='bbox 773 4278 810 4350; x_wconf 76' lang='grc' dir='ltr'><em>εἰς</em></span> <span class='ocrx_word' id='word_1_293' title='bbox 832 4276 864 4338; x_wconf 79' lang='grc' dir='ltr'><em>τὸ</em></span> <span class='ocrx_word' id='word_1_294' title='bbox 889 4277 1053 4357; x_wconf 67' lang='grc' dir='ltr'><em>ζωγραφεῖον</em></span> <span class='ocrx_word' id='word_1_295' title='bbox 1075 4273 1235 4343; x_wconf 54' lang='lat' dir='ltr'><em>&amp;adim</em></span> <span class='ocrx_word' id='word_1_296' title='bbox 1255 4291 1306 4346; x_wconf 77' lang='grc' dir='ltr'><em>σσῦ</em></span> 
     </span>
    </p>
   </div>
   <div class='ocr_carea' id='block_1_3' title="bbox 0 0 1374 4762">
    <p class='ocr_par' dir='ltr' id='par_1_11' title="bbox 0 0 1374 4762">
     <span class='ocr_line' id='line_1_40' title="bbox 0 0 1374 4762; baseline 0 0"><span class='ocrx_word' id='word_1_297' title='bbox 0 0 1374 4762; x_wconf 95' lang='lat' dir='ltr'><em> </em></span> 
     </span>
    </p>
   </div>
  </div>
 </body>
</html>
