2684 4762
228 311 283 364 138
338 304 376 362 D.
390 305 441 376 W.
465 303 855 364 ANIMADVERSIONES
875 303 923 362 IN
944 301 1154 362 LIBELLUM

224 487 258 550 p.
272 486 327 550 39.
348 466 386 530 B.
409 466 590 547 Ἀταμίιοτος
611 467 802 554 intelligitur
823 489 842 531 e
863 466 1018 531 vocabulo
1043 464 1256 552 frequentiore

222 571 405 650 ταμιεύεθοιι.
443 572 604 637 Luclanus
618 574 732 638 Amor.
747 575 786 637 T.
800 575 844 637 ll.
861 594 892 658 p.
901 589 982 657 457:
1002 572 1163 658 ἀταμιεύτφ
1176 574 1258 636 τάδε

222 674 286 758 πρὸς
305 677 353 750 τὴν
372 674 503 751 ἀλήθειαν
519 676 673 761 ἀτεῤῥάγη,
693 675 781 763 effirso
795 674 906 762 offitia
925 675 958 738 in
969 675 1128 738 ventarent
1150 676 1259 761 erupit.

223 773 315 851 Plato
338 777 418 862 L'eg.
435 778 495 840 lX.
517 799 551 863 p.
565 782 585 841 6
585 793 640 862 57.
654 779 706 842 D:
730 776 902 858 ἀταμιεύτως
914 783 975 851 ταῖς
989 780 1084 863 ὀργαῖς
1099 773 1145 855 rw)
1160 780 1193 838 ἀοι
1210 784 1259 839 τοῦ

223 880 409 962 παραχρῆμα
432 878 509 950 εὐθὺς
530 877 683 964 χρώμενος.
720 876 909 942 Plutarchus
931 877 1033 940 Arato
1053 898 1086 961 p.
1099 895 1194 957 ¹⁰44·
1209 876 1257 941 C:

223 973 328 1040 ἀδύιοκεν
350 979 399 1040 ύτὸ
420 977 599 1060 θυμοῦ-κα)
610 979 768 1063 φιλοτιμίας
788 979 972 1060 ἀταμιεύτως.
1006 977 1164 1064 Josephus
1178 980 1259 1043 Ant.

221 1077 299 1144 Jud.
321 1081 414 1144 XIX.
429 1098 460 1163 7.
474 1101 493 1165 3
507 1104 515 1142 t
543 1081 584 1144 de
604 1079 808 1157 Herode-rii
822 1079 885 1158 ἦθος
902 1081 943 1143 ἐπὶ
963 1079 1096 1166 τιμωρίαν
1109 1080 1258 1162 ἀτύτομον,

223 1177 270 1258 καὶ
292 1184 368 1242 κοιτά
389 1189 442 1244 τῶν
462 1180 661 1265 ἀτεχὸημένων
683 1181 858 1262 ἀταμίευτον.
899 1180 980 1246 Bell.
998 1181 1078 1247 Jud.
1096 1183 1155 1246 lV.
1174 1201 1203 1243 1.
1217 1182 1257 1245 6:

222 1286 270 1358 τῆς
285 1287 366 1369 ὁρμῆς
379 1285 409 1345 τὸ
425 1282 603 1364 ἀταμίευτον.
631 1284 691 1346 Vl.
707 1304 738 1350 2.
756 1303 811 1348 10:
825 1288 877 1356 τοὶς
892 1289 977 1370 οςμάς
989 1283 1160 1365 ἀταμιεύτως
1176 1282 1258 1368 ἔχειν.

222 1381 395 1447 Addantur
417 1383 530 1448 Suidas
550 1397 583 1447 et
605 1384 786 1471 Hesychius
811 1385 844 1448 in
866 1407 936 1450 voc.
959 1384 1068 1470 ibique
1088 1386 1121 1449 J.
1140 1384 1257 1450 Alber-

224 1483 306 1547 tius:
332 1486 376 1546 H.
394 1483 577 1569 Stephanus
589 1485 685 1549 Thes.
700 1488 739 1550 L.
749 1488 808 1550 Gr.
822 1487 860 1549 T.
877 1487 938 1549 Ill.
962 1507 994 1571 p.
1012 1504 1109 1567 1240.

271 1604 322 1651 12.
338 1585 378 1649 C.
402 1586 856 1674 ὅιδάσκοντας-οταμιιδύγματα
878 1586 1041 1672 δεικνύντας]
1074 1590 1192 1652 Forma
1211 1587 1257 1651 vi-

223 1685 320 1751 detur
342 1708 369 1748 a·
388 1686 518 1751 Platone
539 1687 657 1752 fluxisse
679 1691 760 1774 Leg.
779 1690 839 1752 XI.
864 1709 897 1773 p.
914 1688 988 1774 683.
1002 1692 1049 1753 E:
1076 1697 1192 1776 πρῶτον
1210 1690 1259 1771 μὶν

224 1789 319 1851 leichet
335 1785 380 1866 κού
392 1794 527 1875 παραινεῖν
541 1791 563 1875 ri,
578 1787 780 1872 σομύονλεύειν,
797 1794 835 1871 μὴ
850 1793 899 1853 δεῖν
912 1795 1053 1876 ἐπιχειρεῖν
1066 1799 1170 1854 τοιοῦτο
1185 1793 1258 1879 ῧςᾴν.

109 1975 111 1978 Ι
225 1890 277 1957 De
291 1890 444 1976 exemplis
458 1890 624 1977 jucundus
642 1904 675 1955 et
694 1891 819 1954 illustris
833 1891 979 1955 est‘locus
999 1891 1128 1956 Horatii
1150 1895 1217 1957 Sat.
1232 1896 1259 1958 1.

224 2018 257 2075 4.
276 2014 334 2078 105
349 2022 356 2058 ε
371 1994 541 2081 -iryirevit
558 2007 648 2082 pater
665 1996 789 2082 optimus
803 1997 854 2058 hoc
871 2021 927 2074 me,
951 1997 993 2060 Ut
1002 1996 1147 2084 fugerem
1165 2021 1260 2060 exem·

223 2096 283 2182 plis
306 2095 446 2160 vitiorum
465 2120 590 2183 quaque
614 2099 757 2160 notando.
796 2097 871 2159 Οιιον
894 2121 939 2158 me
960 2098 1140 2176 hortaretur,
1160 2112 1261 2184 perce,

213 2197 398 2285 frugaliter,
414 2210 503 2284 atque
521 2194 655 2262 Venerem
668 2200 713 2262 uti
728 2211 874 2262 contentus
890 2223 919 2262 eo
934 2200 1013 2286 quod
1024 2199 1066 2261 mi
1080 2199 1138 2286 ipse
1152 2201 1260 2285 paras·

215 2301 285 2385 set.-
309 2299 417 2362 Nonne
429 2300 524 2377 vides,
541 2300 666 2364 Albini
681 2300 758 2362 male
771 2301 862 2364 vivat
872 2300 975 2385 filius,
990 2313 1080 2388 utque
1093 2301 1196 2365 Rarus
1211 2301 1260 2364 in·

226 2399 407 2484 opsP-Sed
429 2413 517 2464 totus
534 2414 568 2463 ct
579 2400 740 2486 'legendus
760 2415 794 2465 et
810 2400 995 2465 ediscendus
1010 2400 1113 2466 locus.

271 2520 321 2565 12.
339 2501 379 2564 C.
414 2501 471 2564 Δύο
492 2506 550 2587 γάμ
571 2502 915 2589 ταῦτα-ἀπεργάζεται]
953 2504 1049 2566 Hanc
1071 2502 1262 2567 sententiam

226 2602 378 2669 Arsenius
392 2602 424 2666 in
439 2602 603 2667 Violetum
620 2601 745 2666 retulit:
771 2603 857 2667 unde
879 2625 949 2668 earn
969 2625 1045 2666 curn
1065 2603 1135 2668 aliis
1149 2604 1191 2667 ab
1204 2625 1262 2668 eo·

224 2701 301 2764 dem
321 2701 425 2765 citatis
442 2701 602 2766 Plutarchi
615 2702 694 2766 locis
708 2702 810 2765 edidit
823 2701 1049 2765 eruditissrmus
1064 2702 1104 2766 C.
1119 2706 1155 2768 F.
1170 2705 1262 2768 Mat·

227 2802 315 2881 thaei,
330 2803 514 2889 appendicis
534 2802 606 2868 loco
621 2804 662 2867 ad
681 2803 823 2867 libellum
848 2805 899 2868 De
914 2803 1037 2869 Vitioso
1053 2803 1178 2870 Pudore
1191 2804 1262 2870 edi-

226 2921 297 2970 tum
313 2905 458 2990 Mosquae
472 2909 571 2968 Anno
588 2921 681 2991 1777.
697 2905 800 2969 sorma
812 2905 935 2969 ottavo.

272 3029 322 3074 12.
337 3008 383 3071 D.
410 3006 584 3093 Ποᾶαγύςτις
606 3006 823 3093 αἰνύγμασιν-]
854 3008 968 3091 Inepta
990 3005 1264 3092 disputathmcula

134 3108 136 3113 ’
225 3110 266 3176 de
288 3109 449 3198 Symbolis
469 3110 707 3196 Pythagoricis:
732 3131 871 3195 quorum
893 3132 932 3172 ex
951 3131 1067 3174 novem
1087 3109 1150 3174 illis
1169 3133 1262 3174 com·

226 3211 410 3279 memoratis
432 3234 496 3275 non
520 3210 573 3276 uisi
595 3209 660 3274 duo
684 3209 725 3273 ad
750 3211 885 3296 presens
906 3225 1137 3296 argumentum
1159 3211 1263 3297 perti·

225 3330 317 3380 nent.
359 3313 496 3399 Antiqui
518 3312 695 3397 scriptores,
712 3310 889 3396 superstites
903 3311 1045 3396 quidem,
1060 3312 1262 3378 Jamblichus

225 3417 258 3483 in
285 3416 472 3501 Protreptici
497 3413 637 3500 Epilogo
657 3437 691 3500 p.
709 3415 887 3498 131—160.
912 3435 950 3476 ea
972 3414 1142 3499 copiosus,
1165 3438 1263 3501 quam

226 3519 291 3597 alii,
319 3519 478 3582 recenset:
517 3519 641 3583 brevius
669 3516 863 3604 Porphyrius
891 3517 960 3582 vit.
988 3517 1127 3604 Pythag.
1155 3518 1188 3599 ξ.
1207 3537 1263 3598 42.

225 3620 326 3705 Diog.
350 3623 455 3683 laert
470 3616 565 3682 Vlll.
587 3621 773 3706 17.18.19.
810 3620 990 3685 Athenaeus
1010 3623 1054 3685 X.
1078 3641 1112 3705 p.
1125 3639 1203 3704 452.
1217 3621 1264 3697 D,

225 3724 267 3788 E.
288 3743 328 3784 ex
347 3719 515 3784 Demetrio
535 3720 704 3805 Byzantio,
728 3720 820 3806 cujus
841 3720 987 3786 ordinem
1007 3721 1109 3785 noller
1130 3720 1265 3806 scriptor

225 3824 354 3889 secutus
368 3819 502 3884 videtur.
532 3821 623 3884 Alios
637 3836 671 3884 et
686 3838 805 3886 veteres
819 3838 853 3886 et
868 3845 966 3887 novos
981 3821 1022 3886 de
1037 3821 1087 3887 his
1102 3820 1264 3908 Symbolis

224 3926 392 4013 scriptores
414 3922 611 3995 enumerarit
631 3927 662 3990 J.
677 3925 720 3988 A.
737 3923 897 3989 Fabricius
919 3924 1003 3990 Bibl.
1018 3928 1077 3990 Gr.
1092 3924 1169 3991 Vol.
1186 3926 1214 3988 1.
1229 3946 1262 4009 p.

223 4031 300 4109 464.
316 4028 427 4110 etseq.

272 4147 322 4194 12.
335 4130 378 4192 D.
402 4131 452 4203 Ml
467 4125 589 4210 γεύεῶας
602 4124 777 4214 μελανύςιον]
803 4126 974 4193 Jamblich.
989 4126 1061 4190 Vit.
1077 4125 1214 4213 Pythag.
1229 4125 1261 4206 ξ.

229 4247 301 4315 109.
330 4231 434 4293 Pron.
446 4228 469 4293 l.
484 4252 515 4294 c.
530 4228 561 4311 ἕ.
573 4246 606 4313 5.
638 4228 737 4315 Diog.
761 4233 870 4297 laert.
889 4231 1052 4316 Vlll.19.
1076 4230 1130 4297 De
1143 4226 1261 4317 ,analig-
