2684 4762
331 350 387 411 DE
405 351 580 417 EDUCAT.
601 349 833 423 PUERORUM.
851 369 882 429 p.
894 357 942 412 14.
953 351 990 411 Β.
1118 359 1173 413 155

147 524 220 581 tore
241 511 356 579 Libelli
377 515 461 580 Sea.
476 517 521 582 ΙΙ.
546 518 630 581 Part.
647 518 675 582 Ι.
702 495 784 602 Cap.
799 518 844 582 11.
871 515 902 597 ξ.
918 533 950 583 a.
994 513 1176 604 Eurydicen

149 610 323 698 Illyricam,
340 636 411 700 quae
433 616 610 701 provesiior
622 616 693 704 jam
712 631 808 682 aetate
829 617 1001 685 liberorum
1020 617 1086 702 ipsa
1103 615 1176 680 suo-

149 737 222 778 rum
237 714 499 784 instituendorum
514 717 618 783 eausla
628 719 736 784 literas
752 718 909 796 didicerit,
923 731 957 783 et
971 717 1179 805 Epigramma

149 815 202 885 bic
225 818 416 903 appositum,
439 818 471 889 in
494 820 532 885 iis
552 842 624 905 quse
646 821 811 905 supersunt
834 818 905 885 aliis
928 821 1085 885 veteribus
1106 841 1178 885 mon

149 918 314 987 uumenris
336 919 443 1006 legere
471 943 529 989 nos
557 944 621 987 non
649 922 866 998 meminimus,
910 922 1124 986 Heumannus
1147 933 1181 986 et

149 1018 367 1106 Heufingerus
386 1021 557 1107 singulares
571 1020 702 1107 quisque
718 1021 759 1088 de
779 1023 841 1089 hoe
862 1035 1054 1108 argumento
1073 1019 1181 1104 dispu-

148 1121 288 1187 tationes
302 1122 553 1205 consumserunt,
568 1123 721 1210 subjedas
735 1124 863 1193 illorum
876 1122 1024 1189 editioni.
1054 1124 1101 1188 Ut
1115 1144 1183 1188 rem

150 1225 261 1308 paucis
283 1227 497 1312 eompleeiar:
521 1251 586 1308 una
605 1229 649 1295 est
667 1252 706 1297 ex
727 1216 977 1317 cognominibus
999 1229 1033 1294 in
1057 1227 1183 1293 historia

150 1326 286 1408 proditis
307 1327 493 1396 mulieribus
518 1328 665 1416 umas.
687 1330 721 1396 in
747 1353 844 1417 quam
865 1330 945 1397 illud
966 1330 1108 1418 elogium
1127 1349 1182 1392 cs-

150 1424 226 1492 dere
250 1428 352 1513 poffit,
379 1429 529 1515 Philippi,
555 1431 730 1510 Alexandri
753 1434 804 1499 M.
834 1433 946 1519 patris,
970 1433 1070 1501 altera
1092 1452 1186 1523 uxor,

151 1526 281 1596 Asdara
296 1528 434 1615 Illyrica,
457 1546 634 1597 memorata
654 1535 769 1620 Satyro
786 1533 872 1619 apud
891 1533 1016 1603 Atheni
1030 1533 1126 1597 XIII.
1150 1550 1184 1615 p.

150 1641 227 1712 557.
244 1628 301 1692 C:-
316 1629 399 1718 hanc
413 1653 433 1695 a
447 1631 607 1716 Philippo,
623 1647 751 1701 mutato
771 1619 913 1712 nomine,
929 1632 1109 1719 Eurydicen
1124 1651 1184 1716 ap·

152 1729 304 1815 pellatam
333 1731 433 1812 fuisse,
461 1733 567 1799 scribit
592 1737 662 1799 Jae.
687 1734 869 1801 Perizonius
896 1734 936 1799 ad
962 1735 1082 1801 AElian.
1107 1735 1184 1799 Var.

153 1831 235 1894 Hist.
261 1833 357 1896 XIII.
384 1835 438 1918 36.
469 1856 508 1901 ex
538 1834 723 1922 conjestura
749 1836 775 1901 is
803 1837 950 1921 quidem,
977 1849 1015 1903 ut
1041 1834 1185 1914 videtur3

152 1932 272 2018 quippe
286 1933 410 2001 nullum
425 1936 586 2005 auetorem
602 1938 716 2005 citans.
760 1924 942 2023 Philippum
956 1935 1086 2014 multas,
1102 1957 1187 2020 pree·

153 2045 204 2103 ter
226 2034 464 2121 Olympiadem,
487 2037 626 2107 habuisse
648 2060 774 2116 uxores,
798 2039 918 2102 constat
938 2054 972 2100 et
993 2035 1133 2114 aliunde,
1154 2047 1190 2101 et

157 2136 274 2229 err-illo
297 2138 403 2224 Satyri
425 2138 516 2203 loco:
539 2153 574 2205 et
593 2139 677 2208 illius
692 2161 823 2205 uxorem
838 2137 1017 2226 Eurydicen
1033 2148 1190 2203 memorat

154 2237 309 2302 Arrianus
325 2237 446 2323 Exped.
459 2238 553 2303 Alex.
567 2241 628 2302 ΙΙΙ.
645 2242 676 2304 6.
693 2262 727 2325 p.
744 2260 815 2303 111.
849 2241 900 2302 De
915 2236 1011 2323 hujus
1026 2237 1088 2300 filia
1104 2237 1188 2321 &aa
1232 2303 1234 2308 ,

155 2359 196 2401 ex
216 2361 317 2425 eaque
340 2339 429 2424 nepti
451 2340 610 2425 Eurydice,
637 2340 758 2405 Aridaei
786 2362 895 2420 uxore,
921 2338 1013 2403 dosia
1038 2336 1191 2400 disserunt

159 2437 308 2503 Kuhnius
323 2453 356 2503 et
372 2440 554 2504 Perizonius
568 2441 607 2505 ad
621 2442 787 2506 AElianum
805 2443 828 2506 l.
843 2442 865 2507 l.
903 2439 968 2505 Sed
981 2437 1091 2503 eadem
1106 2458 1188 2523 quo·

157 2538 258 2604 modo
274 2540 517 2625 Hierapolitana
539 2542 603 2607 dici
625 2544 776 2628 potuerit,
792 2566 855 2607 non
870 2553 1022 2627 apparet3
1045 2537 1189 2625 quando·

156 2644 289 2729 quidem
304 2643 391 2707 nulla
407 2644 525 2729 Illyrici
546 2647 621 2709 urbs
641 2645 823 2730 Hierapolis
844 2643 975 2730 cognita
997 2642 1053 2706 est.
1096 2642 1190 2704 Forte

157 2747 294 2833 scriptor
307 2747 404 2833 hujus
418 2747 528 2826 libelli,
543 2746 608 2832 ipse
626 2747 790 2833 ἀνιςὸςητος,
805 2747 875 2810 haec
891 2744 1038 2823 turbavit,
1053 2765 1092 2807 ex
1108 2742 1189 2805 dua·

158 2848 220 2913 bus
234 2848 374 2934 ejusdem
390 2847 528 2910 nominis
541 2846 739 2925 mulieribus,
753 2847 881 2934 Illyrica
895 2859 928 2909 et
938 2843 1190 2929 Hierapolitana,
1319 2868 1323 2877 ·

159 2972 258 3014 unam
280 2949 416 3026 faciens3
443 2962 481 3011 ut
503 2949 577 3011 suus
600 2947 652 3033 ipsi
674 2947 900 3033 relinquendus
923 2945 959 3009 fit
979 2967 1076 3008 error.
1112 2942 1190 3028 Epi-

161 3072 309 3138 gramma
330 3048 445 3112 Latine
464 3048 562 3111 etiarn
582 3047 720 3112 reddidit
742 3051 776 3112 F.
793 3049 835 3111 A.
850 3046 981 3110 Bonada
996 3046 1104 3109 Carm.
1118 3046 1191 3107 An-

161 3153 220 3239 tiq.
236 3151 348 3237 Lapid.
363 3152 401 3214 T.
417 3151 443 3214 1.
460 3171 493 3235 p.
507 3153 559 3215 62.
574 3162 607 3213 et
624 3169 680 3215 121
694 3173 703 3212 e
727 3149 837 3213 retulit
848 3145 1029 3213 Brunekius
1044 3144 1191 3209 Analesl.

162 3255 239 3316 Vet.
256 3253 343 3315 Poet.
360 3253 418 3314 Gr.
432 3252 470 3314 T.
487 3251 548 3312 III.
571 3271 604 3334 p.
622 3251 701 3333 183:
726 3271 810 3313 unus
824 3248 948 3312 sortasse
962 3247 1066 3309 versus
1081 3245 1192 3317 secun-

165 3354 227 3418 dus
248 3353 362 3416 habeat
387 3350 506 3437 aliquid
527 3348 742 3413 difficultatis:
774 3349 917 3434 Toupius
940 3346 1036 3432 Epist.
1057 3346 1138 3410 Crit.
1159 3345 1193 3411 in

165 3456 278 3520 Indice
298 3477 375 3520 voce
395 3453 477 3532 οἷςος,
500 3452 724 3538 corrigendum
747 3450 871 3537 putavit
891 3449 989 3523 εὔοιςον
1010 3451 1045 3527 ψ.
1067 3457 1090 3513 l.
1106 3449 1194 3514 πόνον.

166 3558 256 3622 Mez.
283 3555 311 3619 εὖ
337 3555 401 3629 ἰςόν·
427 3568 461 3618 et
483 3552 613 3640 quidam
638 3551 709 3616 libri
731 3552 764 3617 in
789 3551 852 3616 hoc
875 3551 1027 3617 vocabulo
1051 3552 1193 3619 variant:

165 3656 259 3720 Harl.
283 3656 400 3729 εὑιςέονε
433 3653 527 3718 Vulc.
555 3656 664 3717 Anon.
692 3647 801 3726 εὔοιςὸν.
845 3655 892 3719 At
916 3653 961 3717 nil
985 3654 1193 3719 mutandum:

166 3757 251 3830 εὕιςον
266 3761 309 3823 est
323 3760 393 3823 bene
408 3771 517 3836 notum,
534 3757 681 3835 celebrent,
697 3771 735 3821 ut
747 3756 835 3836 αἷςος,
850 3758 988 3843 ignotus:
1010 3762 1090 3843 αἶρεῑν
1101 3757 1195 3832 πόθον,

167 3874 267 3945 capere
289 3859 471 3946 desiderium,
490 3859 574 3922 idem
596 3858 740 3944 estquod
759 3858 908 3943 τυγχάνειν
927 3862 963 3920 rei
981 3856 1086 3943 ἔρωτος,
1105 3859 1198 3944 potiri

167 3963 304 4047 desiderio
318 3965 396 4050 suo:
422 3976 455 4026 et
477 3964 533 4027 sub
553 3962 598 4025 τόν
623 3963 644 4023 δ’
666 3947 779 4038 ἀνί-ἕηκε
801 3959 994 4025 audiendum
1015 3960 1127 4043 ripaeos
1147 3961 1197 4030 vel

169 4064 268 4127 simile
282 4086 320 4127 ex
335 4063 394 4128 hac
409 4063 440 4127 in
456 4062 748 4149 Epigrammatibus
759 4062 992 4127 dedicationem
1006 4061 1197 4129 habentibus

169 4166 337 4251 frequente
356 4165 469 4252 ellipfi.
500 4166 679 4232 Videantur
700 4167 917 4254 Heufingenrs
931 4165 973 4230 ad
986 4165 1020 4230 h.
1033 4165 1055 4228 l.
1075 4188 1108 4252 p.
1123 4187 1197 4255 191.

171 4283 206 4334 et
219 4267 400 4337 Brunckius
413 4268 477 4336 l.c.
497 4289 531 4357 p.
545 4271 619 4357 267.
658 4268 761 4358 Igitur
780 4269 884 4338 sensus
905 4270 960 4353 est,
982 4271 1131 4368 Eurydice
1149 4272 1197 4344 H·
