2684 4762
150 337 222 400 172
305 330 345 389 D.
356 317 408 389 W.
427 329 635 392 ANIMADV.
655 332 705 393 IN
711 331 960 395 'remanum'
973 333 1048 394 tta.

159 493 257 556 Nunc
270 491 415 578 proxima
427 505 461 559 et
474 495 610 559 maxime
624 496 789 562 nocellaria
802 519 939 585 queque
952 494 1092 584 primum
1106 516 1178 560 eon·

160 592 327 659 scitamur.

161 733 166 741 ·
204 709 255 777 ¹5·
266 695 310 760 A.
326 693 415 784 ''Anp
434 696 477 761 οὖν
498 697 651 785 ἐμοὶ-κᾷν
670 702 733 786 daupi
751 702 810 786 σοι]
834 696 931 786 Quod
944 696 1115 762 lefflonem
1128 717 1182 766 00·

157 789 268 859 dicum
283 796 326 859 A.
342 809 376 860 et
394 799 433 861 Ε.
455 796 512 882 m'ſs
525 810 559 860 ut
576 821 692 876 veram,
712 809 787 861 certe
804 811 837 860 ut
859 795 1032 884 legitimam,
1055 794 1182 883 proban·

156 895 228 958 dam
246 898 299 981 effi·
316 896 393 974 dixi,
413 897 487 977 hoc,
502 898 761 985 quandoquidem
783 900 888 984 postea
907 898 989 983 saepe
1011 893 1183 983 injudicio

156 993 198 1059 dc
220 997 438 1062 constituenda
457 999 610 1085 scriptura
632 998 790 1065 Plutarchi
805 1011 839 1063 et
857 998 976 1064 uuum
989 999 1044 1074 cll,
1059 1010 1094 1062 et
1107 996 1182 1062 uei-

144 1095 279 1193 ⁸endum
293 1098 363 1176 erit,
379 1098 473 1184 quale
486 1099 534 1177 srt5
548 1114 727 1165 moneatur.
755 1100 869 1168 Omnis
883 1122 955 1164 vem
969 1098 1067 1164 lestio
1080 1098 1124 1168 est
1137 1098 1181 1162 le-

154 1199 281 1286 gitima,
302 1199 448 1286 legitima
466 1201 571 1267 omnia
592 1225 656 1267 non
677 1202 833 1268 continuo
851 1203 895 1266 est
911 1222 995 1266 vera.
1030 1203 1118 1266 Vera
1129 1201 1181 1282 est,

154 1323 229 1386 quae
241 1323 354 1365 omnes
371 1301 404 1366 in
416 1302 457 1389 ¹se
478 1324 626 1369 numeros
647 1303 875 1390 probabilitatis
894 1303 1002 1382 habet,
1024 1301 1060 1366 id
1077 1302 1133 1380 est,
1150 1313 1182 1373 et

153 1403 376 1469 auctoritatem
403 1404 600 1490 optimorum
625 1406 789 1485 librorum,
818 1418 853 1470 et
879 1427 954 1470 cum
981 1403 1181 1482 senteutiam,

9 1495 16 1504 ⁸
153 1517 226 1571 tum
249 1504 422 1570 dictionem
444 1527 527 1585 eam,
550 1517 588 1570 ut
606 1505 648 1571 ad
669 1506 918 1594 intelligentiam
938 1504 1101 1591 judicium
1123 1504 1182 1569 alia

33 1644 35 1648 ν
152 1601 251 1673 1εᾶἰο
271 1604 543 1671 accommodatior
569 1608 716 1694 presenti
742 1607 815 1672 loco
837 1620 871 1671 et
893 1605 1029 1671 anania
1044 1605 1181 1693 ingenio

153 1704 326 1790 excogitari
346 1704 432 1769 nulla
453 1706 555 1791 possit.
599 1706 760 1793 Legitima
772 1708 825 1784 est,
841 1729 912 1792 quae
927 1703 1024 1770 habet
1044 1703 1178 1770 auctori-

151 1817 253 1869 tatem
275 1804 472 1891 optimorum
492 1806 659 1886 librorum,
679 1807 738 1870 five
756 1806 959 1893 probabilitas
978 1804 1127 1876 diffionia
1144 1827 1180 1879 ae

153 1906 317 1974 senteutiae
341 1907 428 1987 adfrt,
456 1907 516 1973 live
539 1908 594 1972 illa
617 1908 705 1973 defit.
757 1907 862 1994 Igitur
887 1907 970 1972 hanc
995 1905 1177 1985 lectionem,

152 2007 272 2094 quippe
295 2009 451 2090 firmatam
475 2009 664 2076 audiuntote
690 2008 838 2073 codicum
862 2006 1060 2092 optimorum
1081 2008 1125 2072 A.
1148 2020 1180 2072 et

150 2111 190 2175 E.
216 2111 400 2178 dicebamus
422 2111 607 2199 legitimam
627 2126 661 2177 at
682 2134 748 2178 non
772 2110 955 2179 dicebamus
976 2133 1091 2190 veron,
1107 2108 1179 2196 quia

149 2211 268 2299 aliquid
282 2213 324 2278 ad
338 2214 524 2278 sententiam
539 2213 634 2300 hujus
648 2213 712 2279 loci
725 2226 758 2278 et
769 2210 1031 2283 consuetudinem
1043 2212 1178 2278 auc'torir

149 2313 411 2392 defiderabamua.
446 2313 545 2400 Quod
557 2314 686 2400 quidem
706 2314 751 2377 ita
770 2313 933 2397 expletum
954 2312 1022 2378 fore
1043 2311 1176 2392 videtur,

150 2415 256 2477 fieam
269 2413 336 2478 leni
348 2414 525 2479 mutatione
545 2413 587 2478 ad
608 2414 693 2479 bano
713 2415 848 2479 formam
870 2414 1119 2479 constituamurz
1137 2413 1177 2478 “A

148 2517 171 2577 δ’
191 2514 235 2577 οὖν
255 2515 314 2597 ἐμοὶ
331 2516 400 2601 περὶ
416 2515 580 2596 ποιημάτων
598 2519 675 2581 εἰπεῖν
693 2513 789 2601 πρῴην
807 2519 920 2593 ἐπῆλθε,
939 2522 982 2578 νῦν
999 2515 1065 2604 πςὸς
1078 2541 1111 2578 σε
1124 2541 1176 2601 γε·

148 2615 300 2703 γςαμμὲνα
314 2616 437 2698 harada·
459 2615 510 2702 κᾷν
524 2619 586 2703 δοκῇ
599 2641 696 2681 σοι-.
728 2615 858 2681 Solebat
880 2615 967 2680 enim
989 2616 1177 2682 Plutarchus

148 2717 265 2785 babere
293 2717 426 2796 scholas,
453 2740 534 2804 quaa
555 2731 590 2783 et
616 2716 842 2803 differtationea
870 2717 1043 2804 appellant,
1064 2720 1177 2807 easque

146 2820 252 2906 postea
266 2819 459 2885 conscribere
473 2833 507 2884 et
519 2817 635 2884 ederet
662 2835 700 2885 ut
719 2832 851 2905 apparet
862 2841 902 2883 ex
916 2819 1080 2907 principiis
1093 2843 1176 2908 quo-

148 2917 295 2983 rumdam
308 2917 472 2997 librorum‚
487 2918 585 2985 veluti
597 2920 650 2984 De
661 2917 834 2984 Audiendo
848 2941 881 3004 p.
895 2936 949 3004 37.
966 2920 1007 2988 C.
1041 2923 1095 2988 Dc
1110 2921 1175 2986 Ca-

147 3018 265 3106 pienda
276 3041 316 3084 ex
329 3017 464 3085 inimicia
478 3018 616 3084 utilitate
636 3041 669 3107 p.
684 3020 739 3084 86.
753 3019 799 3090 Cr
820 3017 978 3084 Adversus
999 3021 1177 3106 Epicurum

146 3142 180 3207 p.
200 3121 292 3185 1086.
312 3120 352 3200 C,
368 3122 420 3185 D:
444 3119 602 3185 Adversus
617 3120 766 3185 Colorem
788 3142 821 3205 p.
839 3136 932 3204 1107.
946 3123 985 3188 E.
1020 3121 1076 3186 Ad
1094 3145 1178 3210 quoa

101 3270 104 3275 -
145 3221 234 3287 loona
255 3221 310 3309 qui
332 3221 420 3291 hune
441 3221 561 3308 exigat,
582 3220 609 3286 is
631 3222 764 3286 nostram
787 3221 1002 3308 conjecturam
1030 3224 1177 3310 proxime

145 3323 188 3388 ad
202 3324 362 3400 Plutarchi
374 3323 637 3393 consuetudinem
650 3322 800 3389 accedere
814 3323 986 3411 intelliget

192 3441 244 3508 15
256 3427 296 3489 B
318 3425 537 3507 τῶνάμεὸὖςων
559 3423 731 3505 mereim
746 3423 769 3492 al
779 3450 848 3498 τινες
865 3430 891 3489 lv
908 3426 1178 3519 misaro‘rourrpr·

145 3524 307 3603 aialorrm
289 3552 312 3611 ’b
333 3510 556 3612 σφλαμὸάῦι
507 3528 568 3610 arr]
593 3529 643 3589 τὰ
652 3524 793 3607 ἀμίδος-α,
808 3525 926 3591 scilicet
939 3527 1088 3612 φάρμακα,
1102 3531 1176 3597 sunt

146 3624 265 3712 quaevis
286 3626 424 3690 remedia
440 3625 607 3692 ebrietatis
617 3624 667 3693 vel
684 3625 917 3711 depellenda
899 3625 949 3691 rel
967 3629 1135 3715 cavenda:
1157 3639 1177 3710 ἣ

143 3725 281 3810 ἅμδυςος
304 3727 347 3791 est
367 3724 444 3814 lapis
466 3740 502 3790 et
521 3727 632 3790 herba.
623 3726 770 3813 ·quibus
787 3749 827 3792 an
849 3728 891 3793 ab
907 3727 1018 3794 cadem
1033 3731 1176 3799 efficacia

145 3850 264 3895 nomen
289 3826 433 3897 additum
456 3828 503 3906 lit,
524 3826 661 3893 dubitari
682 3852 702 3892 a
722 3830 907 3910 Veteribus,
926 3829 1138 3919 intelligimus
1154 3857 1175 3900 e

144 3929 247 3997 Plinio
265 3930 312 3994 H
321 3928 372 3995 N
386 3929 561 3995 XXXVII.
574 3949 628 4009 40.
651 3945 685 3994 et
708 3930 876 3995 Plutarcho
893 3933 1040 4019 Sympos.
1061 3935 1125 4001 Ill.
1143 3956 1175 4002 1.

142 4053 179 4119 p.
193 4033 267 4114 647.
281 4031 323 4095 Β.
356 4029 476 4097 Tamen
498 4042 532 4094 et
547 4029 712 4095 foemiuino
733 4031 862 4097 nominc
885 4039 936 4107 τὰς
958 4041 1172 4121 noemma&-

142 4161 212 4219 μνη
213 4161 225 4208 ς
247 4131 400 4214 modam
421 4129 499 4194 dioit
526 4129 704 4196 Athenaeua
726 4132 754 4195 1.
777 4154 811 4219 p.
826 4154 879 4220 34.
903 4138 1031 4201 remedia
1055 4138 1113 4211 illo
1135 4164 1173 4205 ex

139 4229 396 4323 artisjpraeceptr'r
423 4230 598 4319 componier
627 4230 682 4298 ubi
710 4230 801 4319 plura
828 4233 924 4303 docet
951 4235 1172 4319 casaubonus.
