2684 4762
151 244 192 343 a
316 272 394 343 ἰ).
407 274 467 343 w.
482 274 714 344 raararro
734 272 967 344 animant.

150 482 291 533 manarn
318 472 494 548 naturam,
521 486 602 559 quae
629 460 727 548 illum
754 461 941 558 sapientem
965 482 1039 532 non
1065 463 1174 559 capit.

149 581 241 671 Nos,
268 586 328 679 qui
353 606 427 656 non
453 582 573 657 sumus
598 583 773 678 sapientes,
797 582 913 655 medio
930 584 1021 654 inter
1039 582 1175 680 sapien·

150 704 235 776 tiam
252 719 289 776 et
305 703 481 778 sortunam
497 704 670 778 versamur
685 703 772 777 looo.
823 704 986 777 Multum
1008 706 1047 776 in
1067 706 1176 779 rebus

148 827 270 898 nostn's
285 825 376 900 vaiet
390 827 545 900 fortuna:
571 827 651 924 plus
666 828 770 899 etiarn
788 826 951 924 sapientia
965 825 1078 900 valere
1092 840 1173 925 pot-

81 1024 87 1035 ,
148 949 209 1036 est,
234 948 259 1021 fi
284 952 315 1022 ei
340 974 520 1047 pareamus
543 960 585 1021 ut
606 950 841 1048 gubernatori,
865 949 1008 1020 fortuna
1029 961 1174 1024 utamur

148 1082 192 1142 ut
216 1074 337 1144 ventis.
399 1072 448 1142 Et
474 1072 546 1143 huc
575 1069 653 1142 sane
679 1069 767 1141 redit
792 1082 866 1141 tota
891 1068 1121 1166 Philosophia,
1148 1072 1175 1144 fi

149 1191 293 1288 quidem
318 1191 412 1264 reete
436 1191 480 1262 ab
507 1191 583 1288 ipsis
608 1191 735 1264 Stoicis
763 1178 866 1285 τέχνη
894 1183 971 1280 βιίι,
994 1194 1076 1264 vitae
1098 1219 1173 1284 ars,

150 1312 326 1386 definitur.

151 1486 158 1499 ·
211 1437 281 1508 Sed
306 1436 391 1534 quid
417 1436 497 1509 haec
520 1435 703 1533 disputatio
727 1435 772 1508 ad
798 1437 954 1509 nostrum
984 1461 1174 1536 argumen-

151 1558 255 1631 tum?
281 1561 371 1631 Sane
396 1559 562 1631 multum.
611 1559 707 1631 Nam
733 1560 794 1655 qui
820 1559 864 1630 ab
889 1558 1085 1656 Interprete
1105 1560 1175 1634 tale

150 1680 236 1778 qnid
251 1680 412 1778 postulat,
427 1691 467 1753 ut
480 1681 528 1752 nil
545 1705 720 1779 perperam
735 1680 878 1769 sadum,
894 1679 941 1752 nil
959 1680 1175 1780 negledtum,

148 1815 366 1901 opportunus
391 1790 536 1875 aliorum
560 1803 758 1876 Audtorum
783 1804 881 1876 locus
897 1802 1014 1876 nulius
1029 1806 1173 1877 omissus

148 1924 448 2024 deprehendatur:
487 1926 545 1997 hic
577 1925 732 2024 profedto
765 1926 992 2022 interpretem
1020 1925 1097 1999 vult
1127 1928 1174 2000 ab

150 2051 247 2121 omni
271 2048 423 2122 sortnnae
446 2048 603 2122 dominio
612 2037 768 2122 'liberum
787 2060 823 2121 et
847 2050 1055 2137 immunera,
1071 2048 1174 2145 plane

148 2171 344 2269 perfeetum
376 2172 561 2269 sapientem
588 2172 634 2242 ad
660 2173 857 2243 Stoicorum
891 2194 1065 2242 normam.
1115 2170 1174 2243 Ad

149 2285 256 2389 quam
273 2292 386 2389 legem
403 2304 439 2363 et
457 2291 693 2363 conditionem
712 2292 737 2363 fi
754 2292 960 2389 Interpretes
976 2291 1078 2364 semel
1094 2292 1173 2364 red-

150 2417 301 2512 igantur,
317 2412 412 2510 ¹quis
440 2412 580 2486 tandem
606 2411 772 2503 mortalis,
798 2415 957 2509 quamvis
985 2414 1112 2487 doetus
1135 2426 1172 2487 et

150 2536 358 2634 ingeniosus,
382 2537 585 2631 Interpretis
608 2537 821 2632 provinciam
838 2535 1171 2634 suscipere-audeat?

151 2658 237 2732 Hoc
268 2658 355 2731 illud
388 2659 562 2754 estquod
594 2682 763 2755 magnum
797 2657 1099 2731 Hemsterhusrum
1128 2659 1171 2732 ab

149 2778 293 2853 odendis
312 2780 465 2875 antiquis
487 2779 700 2852 auctoribus
719 2780 907 2853 deterruit:
933 2781 1041 2876 quod,
1065 2793 1108 2854 ut
1128 2781 1173 2853 de

35 2934 38 2939 ¹
149 2925 195 2976 eo
216 2901 331 2998 prodit
352 2901 623 2989 Ruhnkenius⁰‚
649 2902 801 2992 “Nihil‚
818 2902 879 2974 nisi
898 2903 994 2997 quod
1009 2902 1176 2977 omnibus

152 3024 349 3097 “numeris
374 3024 551 3121 expletum
577 3024 673 3112 esset,
696 3049 729 3095 a
743 3025 776 3096 se
800 3025 893 3096 exire
916 3024 1038 3098 vellet.
1065 3026 1173 3123 qood,

151 3153 456 3247 “quamcumque
480 3170 555 3218 rem
581 3145 797 3219 trastandam
822 3145 1000 3237 sumfiffet,
1022 3172 1101 3221 com
1126 3150 1176 3222 ita

151 3277 178 3314 “
193 3284 357 3344 excutere
372 3282 409 3342 et
433 3293 517 3343 cum
542 3267 728 3366 pulvisculo
743 3269 924 3341 exhaurire
939 3269 1102 3359 studeret,
1120 3282 1174 3360 nt,

151 3395 257 3490 “qui
289 3393 428 3490 posthac
455 3392 548 3466 idem
575 3415 680 3491 agere
707 3392 910 3479 institueret,
942 3416 1085 3465 omnem
1113 3393 1175 3466 srbi

153 3521 178 3554 ‘⁶
194 3516 373 3587 materiam
390 3529 596 3611 praereptam
613 3515 790 3589 fateretur.
814 3515 962 3614 Quibus
976 3515 1021 3586 de
1036 3513 1175 3604 caussis,

152 3641 179 3676 ‘⁶
194 3638 373 3710 memoriae
390 3635 473 3724 suae,
489 3636 650 3709 fidissimo
665 3637 881 3733 caeteroquin
903 3637 1075 3726 omniurn,
1093 3662 1176 3735 quae

152 3757 297 3831 “semel
324 3759 458 3858 legisset
483 3759 681 3852 audissetve,
710 3758 843 3832 custodi
865 3759 957 3831 irasci
982 3758 1123 3849 solebat,
1147 3761 1174 3832 fi

89 3871 92 3876 ’
152 3887 178 3923 “
194 3881 247 3954 vel
264 3881 339 3954 leve
354 3880 531 3979 quiddam,
549 3882 645 3978 quod
660 3881 784 3954 eodem
803 3883 1002 3978 pertineret,
1020 3875 1082 3954 fibi
1099 3884 1174 3979 post

151 4004 326 4081 “editum
344 4005 471 4079 librum
489 4004 750 4101 suppeditaret.”
800 4005 901 4100 Saepe
917 4007 1022 4079 etiam
1039 4005 1172 4078 aecide-

402 4160 416 4225 ,³
434 4154 515 4233 Elog.
528 4154 595 4217 Tib.
608 4154 817 4225 Hemsterhufii,
831 4174 861 4233 p.
872 4155 891 4213 6
891 4167 921 4232 5.
