2684 4762
415 354 617 427 JUDICIUM
636 354 691 415 DE
709 353 910 415 AUCTORE.
1140 363 1180 415 33

150 531 274 597 geram.
318 515 367 582 lbi
387 529 459 583 tum
472 516 588 598 evenit,
606 531 645 583 ut
658 517 783 605 quotiea
799 518 841 583 ab
853 517 920 582 aliia
933 515 1032 604 iisque
1048 538 1178 602 germa-

150 617 201 683 nie
214 617 371 687 Plutarchi
384 622 471 688 libris
485 623 526 687 ad
539 622 632 687 istum
647 623 696 685 De
711 621 897 686 Educatione
910 622 1109 700 accederem,
1127 635 1179 686 to·
1246 657 1252 667 ·

149 717 209 782 ties
228 720 309 786 mihi
332 724 436 790 nescio
450 722 527 810 quid
546 747 665 793 novum
680 746 718 793 ac
735 722 948 809 Peregrinum,
966 725 1007 791 ab
1028 724 1082 787 illa
1104 723 1180 803 Plu-

149 819 280 884 tarchea
293 824 386 910 copia
404 837 437 888 et
456 824 611 911 gravitate
625 823 781 888 diversum
795 821 862 886 leve
883 837 917 887 et
938 823 1042 903 inane,
1057 823 1097 887 ad
1110 824 1181 887 ani·

149 940 242 984 mum
264 923 451 1010 sensumque
472 923 642 988 accideret.
687 923 788 1011 idque
809 922 960 1009 paulatim
985 924 1181 989 animadver-

150 1020 252 1085 tendo
274 1023 337 1087 tale
359 1037 548 1111 tantumque
569 1023 629 1087 esse
651 1023 798 1111 cognovi,
820 1035 859 1087 ut
879 1022 932 1087 hic
952 1023 1076 1087 libellus
1094 1024 1183 1088 nullo

151 1120 251 1186 modo
272 1145 291 1186 a
314 1124 496 1204 Plutarcho,
518 1124 575 1188 five
591 1122 710 1210 justene
728 1124 784 1189 illo
804 1124 862 1187 slve
878 1123 962 1205 sene,
978 1124 1069 1189 scribi
1086 1138 1183 1211 potu-

150 1222 222 1300 en't,
246 1223 297 1288 sed
320 1225 417 1290 alium
442 1226 584 1313 quemvis
607 1226 753 1312 opificem
777 1225 893 1290 habere
919 1225 1075 1290 debuerit.
1120 1226 1184 1290 Sed

150 1323 215 1395 hoc
230 1347 294 1389 non
313 1325 366 1389 nisr
381 1324 422 1390 ad
436 1347 544 1391 meum
558 1325 639 1390 mihi
657 1327 779 1391 sensum
794 1324 865 1390 satia
879 1339 958 1390 erat.
1002 1329 1100 1391 Nunc
1122 1348 1184 1413 age
1317 1350 1325 1367 ·

150 1424 360 1510 experiamur,
377 1448 419 1493 an
438 1427 526 1492 hunc
539 1426 733 1512 implicitum
749 1426 857 1491 animo
875 1427 996 1492 sensum
1011 1427 1052 1491 ad
1068 1427 1185 1515 judicii
1314 1441 1325 1453 ’

147 1526 405 1613 perspicuitatem
418 1527 681 1615 diligentiamque
695 1527 863 1614 explicare,
880 1541 913 1592 et
927 1529 1081 1594 hactenus
1095 1544 1184 1594 certe

149 1642 227 1699 cum
244 1627 415 1694 lectoribus
430 1627 541 1694 nostrie
555 1629 792 1695 communicare
806 1627 966 1713 possamus,
979 1642 1016 1692 ut
1029 1629 1183 1695 assensum

150 1727 243 1800 nobie
257 1729 403 1793 suum'ne
417 1728 589 1815 denegent.
635 1729 810 1807 Caeterum,
824 1750 926 1814 quum
943 1729 1006 1794 hoc
1022 1729 1193 1815 judicium.

149 1830 290 1901 versetur
302 1828 334 1894 in
349 1829 615 1904 demonstratione
629 1841 778 1894 notarum
792 1829 885 1913 spurii
903 1842 936 1893 et
955 1829 1049 1901 alieni
1066 1830 1182 1916 operis,

150 1950 252 2016 eaque
272 1928 497 2003 demonstratio
518 1930 554 1994 fit
574 1952 647 2016 para
668 1927 995 2009 Animadverfionum‚
1018 1953 1121 2017 neque
1143 1932 1185 1994 ab

149 2031 189 2102 iia
203 2030 344 2118 disjungi
358 2032 449 2117 poffit
462 2031 540 2116 quin
554 2030 620 2116 ipsa
633 2028 845 2115 disjunctione
861 2046 985 2094 mentes
1006 2031 1184 2117 legentium

150 2131 382 2212 distrahantur3
406 2130 526 2210 tamen,
553 2152 618 2216 quo
639 2130 756 2194 certius
778 2129 812 2202 in
837 2129 897 2194 hac
921 2132 1051 2196 censura
1071 2146 1105 2196 et
1126 2154 1186 2196 noc

150 2233 394 2323 progrediamur
415 2231 522 2297 etalii
545 2253 604 2296 noe
627 2231 808 2317 sequantur,
820 2231 1064 2330 ,praemittamua
1087 2255 1185 2320 argu·

151 2347 335 2406 mentorum
363 2332 540 2397 nostrorum
568 2350 643 2401 cum
675 2330 891 2394 universorum
920 2329 1183 2412 distributionem,

151 2448 222 2500 tum
239 2455 362 2512 eorum,
377 2433 493 2521 quibua
506 2431 541 2504 in
561 2429 878 2506 Animadversronum
898 2430 974 2506 serie
990 2446 1097 2506 certus
1119 2455 1184 2505 non

152 2535 198 2602 est
210 2534 314 2617 locus,
328 2533 584 2622 explicationem.

444 2765 620 2854 Distributio
635 2765 897 2854 Argumentorum.

197 2939 285 3020 Dixi,
306 2933 510 3028 Argumenta
531 2939 641 3010 nostre
662 2935 882 3026 disputationis
904 2934 965 3003 esse
986 2936 1115 3018 interna,
1131 2937 1187 3004 nisr

154 3044 239 3114 forte
252 3064 319 3107 uno
338 3055 472 3129 excepto
490 3053 607 3107 extemo
616 3067 626 3122 3
649 3040 749 3128 igitur
761 3039 803 3104 de
816 3037 879 3105 hoc
894 3037 1033 3125 primum
1046 3060 1187 3126 expone·

153 3168 239 3223 mue,
255 3143 371 3215 deinde
390 3147 509 3213 interro
523 3145 757 3232 persequemur.
803 3142 929 3206 laterna
940 3140 1066 3209 duobus
1081 3141 1188 3205 conti-

155 3233 274 3314 nentur
294 3243 476 3332 generibus,
496 3246 596 3311 altero
609 3269 721 3326 rarum,
736 3243 893 3311 verborum
906 3243 1026 3306 altero:
1050 3263 1189 3327 quorum

155 3363 331 3444 utrumque
351 3350 530 3439 complures
551 3351 649 3418 habet
669 3362 775 3438 partes
795 3371 833 3415 ac
856 3348 986 3415 sormaa.
1029 3345 1087 3415 Res
1106 3369 1187 3413 con-

154 3454 239 3522 stant
259 3452 385 3517 mata-ia
406 3454 568 3541 etfama.
612 3455 650 3516 In
672 3448 799 3514 materia
813 3440 1079 3537 videndum‘quid
1097 3450 1187 3536 adstt,

154 3553 232 3642 qaid
248 3552 341 3639 defit:
367 3553 401 3626 in
424 3569 562 3642 utroque
585 3549 763 3639 spectandae
786 3549 858 3619 sunt
878 3559 1001 3635 partesr
1033 3550 1076 3622 est
1101 3550 1189 3620 enim

153 3655 281 3723 materia
296 3655 495 3725 vernaco
509 3653 618 3742 posta,
633 3652 666 3717 id
678 3652 723 3716 est
735 3647 880 3737 hssorica,
895 3649 944 3715 vel
957 3651 990 3717 in
1006 3652 1139 3733 ratione,
1154 3653 1190 3717 id

153 3757 198 3822 est
211 3756 391 3843 dogmatica.
429 3758 545 3829 Forma
558 3755 742 3823 continetur·
753 3752 876 3820 duabus
891 3753 1051 3840 partibusr
1074 3754 1193 3831 ordine,

154 3856 188 3924 id
201 3859 245 3924 est
258 3857 477 3928 distributione
494 3879 533 3924 ao
547 3857 743 3943 dispositione
764 3855 926 3926 materiae:
949 3856 1188 3941 argumentatio-

154 3984 204 4042 ne,
226 3960 326 4026 idest
346 3981 432 4024 nexu
452 3973 486 4024 et
500 3957 668 4024 efficientia
681 3956 932 4023 conclusionum.
979 3956 1075 4041 Verba
1096 3977 1188 4033 com-

152 4058 341 4147 plectuntur
354 4081 452 4133 omne
466 4058 546 4124 illud
559 4058 646 4147 quod
660 4058 754 4124 oratio
776 4070 810 4122 et
819 4055 912 4143 stilus
926 4069 1067 4125 vocatur.
1101 4058 1189 4146 Ergo

153 4160 250 4250 pratia
264 4159 416 4243 cernitur,
429 4161 479 4228 vel
493 4160 526 4234 in
541 4161 669 4250 singulis
682 4160 783 4227 verbis
797 4159 1071 4247 dictionibusquer
1092 4145 1142 4227 vel
1156 4163 1188 4228 in

155 4282 266 4327 earum
281 4255 520 4348 compositione,
534 4259 774 4329 continuatione
788 4273 823 4329 et
836 4273 907 4326 toto
921 4260 1046 4338 habitu.
1072 4263 1189 4332 Totam

200 4383 288 4432 voa.
305 4383 359 4431 vr.
671 4383 694 4433 n
1063 4381 1064 4384 ’
