2684 4762
216 315 276 383 292
360 303 463 366 ow.
483 296 690 365 nuruum.
710 303 758 364 nu
778 304 1006 366 rtmsncnr
1025 305 1099 366 ur.

218 468 349 556 scriptas
363 468 497 547 subulas,
511 482 545 533 et
559 469 708 554 quasdam
722 491 742 532 a
755 468 927 534 Veteribus
948 469 1004 534 sub
1018 469 1095 556 ejus
1114 467 1254 535 nornine

218 583 409 636 memoratas
437 590 476 634 ex
503 570 681 635 Heraclidis
709 571 833 635 Pontici
860 571 987 635 officina
1013 570 1184 656 prosodias,
1215 572 1251 637 in

218 674 336 761 quibus
349 674 436 738 hunc
449 673 547 737 etiarn
567 696 586 736 a
605 673 775 738 Plutarcho
790 673 898 739 locum
918 674 1021 752 fuiffe,
1039 674 1251 742 eruditillims

219 775 432 861 disputatione
446 774 585 840 declarat
599 779 637 841 R.
647 774 810 840 Bentleins
825 775 857 838 in
870 775 1148 841 Differtationibus
1162 776 1249 842 Phu-

213 876 346 945 larideis
361 899 394 962 p.
412 897 483 962 130.
498 876 562 962 seq.
600 879 659 941 Pro
672 877 749 957 μόνος
764 878 850 941 reete
864 885 957 958 μοῦνος
970 878 1008 940 Β.
1025 892 1059 941 et
1072 879 1162 943 Mcz.

261 981 316 1066 36.
330 980 369 1044 C.
393 981 491 1066 Πόρῤνν
506 984 564 1066 γιὶς
579 981 720 1063 ἡδονῆς-ἦ
749 978 887 1043 Platonis
902 979 1038 1065 Epistola
1049 981 1111 1044 lll·
1126 1001 1160 1067 p.
1172 979 1251 1066 708.

219 1079 246 1150 B
259 1107 268 1153 ς
291 1081 387 1167 wippo
401 1085 459 1167 γὰρ
474 1085 560 1158 stolis
575 1081 597 1166 ’i
613 1081 697 1158 λύπης
710 1082 814 1167 ῖδρντσς
827 1083 859 1145 τὸ
873 1085 956 1147 θεῖον.

262 1185 316 1269 36.
330 1184 371 1246 C.
386 1183 526 1264 Φᾶσωμεν
538 1184 615 1254 mciv
628 1184 759 1268 κῦδος-]
787 1184 824 1245 ln
837 1183 1041 1270 Bacchylidoe
1057 1186 1254 1271 Fragmenta

220 1283 298 1350 hinc
312 1284 448 1349 relatum
466 1307 486 1348 a
505 1287 530 1348 F
531 1283 615 1348 ulcio
630 1284 742 1349 Ursino
764 1308 797 1371 p.
815 1303 887 1370 203.
903 1285 1051 1351 editionis
1066 1288 1160 1372 1568.
1182 1288 1252 1350 for·

221 1408 285 1453 mae
309 1386 448 1452 odlsvae:
482 1398 517 1450 ct
542 1406 575 1471 p.
598 1404 669 1470 119.
694 1385 843 1450 editionis
869 1388 962 1471 1567.
987 1387 1100 1452 formae
1123 1386 1252 1454 duode-

221 1488 331 1555 cimae:
352 1488 547 1552 aBrunckio
562 1488 735 1573 repetitum
750 1487 782 1552 in
797 1488 962 1554 Analediis
974 1490 1013 1555 T.
1026 1489 1053 1552 Ι.
1066 1511 1101 1576 p.
1115 1506 1188 1572 152.
1204 1493 1253 1557 D.

222 1590 401 1677 Φράσοιμαςε
426 1591 516 1653 hlcz.
531 1594 646 1662 Πλιῖτος
661 1591 681 1651 i
695 1589 841 1675 ἁνθρῶνιοιν
854 1590 875 1674 οὲ
889 1594 944 1664 τοῖς
959 1592 1083 1653 δειλοῖσιν
1096 1593 1198 1672 ὁμιλεῖ.

264 1692 319 1777 36.
334 1690 375 1754 C.
397 1688 478 1774 Ἐγὼ
497 1691 524 1753 δὲ
543 1690 668 1774 οὐδὶμ]
699 1689 753 1754 Sic
776 1690 911 1755 Grotius
930 1703 966 1754 ct
990 1691 1155 1779 Xylsndcr
1180 1691 1252 1757 edi·

221 1789 352 1869 derunt,
371 1791 424 1856 nisi
446 1791 532 1879 quod
550 1790 615 1870 hic,
636 1794 657 1853 δ’
679 1792 765 1857 odiis:
791 1790 844 1855 illc
863 1792 957 1856 aliter
973 1792 1006 1856 in
1025 1791 1195 1881 Florilegio
1218 1814 1254 1881 p.

222 1915 241 1987 3
244 1911 277 1982 5.
300 1895 477 1962 distribuit:
508 1894 590 1979 Ἐγὼ
612 1897 633 1957 δ’
652 1895 723 1957 οὐδὲν
741 1891 929 1981 πςισὸότιςον
951 1894 1047 1977 νομίζοι
1065 1899 1125 1969 Τοῖς
1142 1913 1255 1984 σωφρο-

223 2001 317 2079 σύνας,
338 2000 393 2067 incl
413 2000 477 2072 Τοῖς
500 2000 618 2082 ἀγαθοῖς
640 1998 681 2059 ἀεὶ
704 1995 804 2075 ξύνες-ν.
845 1996 975 2062 Radius
995 1996 1028 2062 in
1052 1998 1256 2084 Fragmentis

222 2098 403 2191 Euripideis
427 2099 506 2166 edit.
527 2099 654 2186 Musgr.
679 2120 712 2185 p.
727 2112 803 2184 594.
829 2098 910 2184 Ἔγιῖ
934 2101 1047 2173 &silis
1067 2099 1256 2188 πριοέιῖτιρον

223 2203 336 2287 Νομίζω
358 2209 408 2278 τᾶς
428 2201 613 2288 σωφροσύνας,
633 2198 713 2263 'Eri
733 2204 788 2274 τοῖς
809 2204 928 2285 ἀγαθοῖς
947 2203 991 2264 ἀεὶ
1013 2201 1113 2279 ξύνιςν.
1148 2203 1259 2268 Exstat

223 2317 259 2369 et
276 2301 363 2390 apud
376 2302 541 2366 Stobaeum
562 2302 664 2363 Scrm.
677 2298 720 2363 V.
741 2320 774 2385 p.
789 2302 842 2385 63.
873 2301 1020 2367 Conferri
1033 2303 1135 2388 potest
1147 2302 1259 2371 similis

225 2402 381 2469 sententia
395 2424 434 2464 ex
453 2399 595 2487 ejusdem
611 2399 793 2466 Temenidis
812 2422 845 2486 p.
859 2420 935 2486 590.
959 2402 1038 2468 edit.
1054 2403 1181 2488 Musgr.
1200 2407 1256 2467 Ἀ.

224 2509 286 2592 prr-l
305 2505 332 2566 ll
351 2500 402 2589 κᾷν
421 2502 489 2587 θάνῃ
509 2525 550 2574 τις
570 2503 619 2564 οὐκ
637 2499 805 2579 himera,
826 2506 868 2585 Zp
886 2504 908 2564 δ’
927 2502 1000 2583 isir'
1019 2500 1090 2576 ὄντος
1111 2502 1258 2584 σώματος.

225 2604 452 2672 Andromache
465 2619 543 2686 777:
560 2604 623 2664 -ci
638 2605 658 2664 δ’
672 2607 759 2689 iperii
773 2601 835 2688 Κᾷν
848 2609 961 2666 θανοῦσι
975 2604 1125 2686 λιῖμπιι-
1136 2605 1177 2669 de
1191 2628 1260 2693 quo

109 2708 113 2715 ’
224 2710 264 2788 L.
281 2706 321 2772 C.
337 2704 569 2771 Valckenarius
585 2703 628 2767 ad
646 2704 806 2789 Euripidis
822 2705 968 2771 Phoenils.
984 2726 1108 2793 p.100=
1130 2720 1166 2773 et
1179 2707 1257 2773 irni-

225 2824 312 2878 tatus
325 2808 451 2873 videtur
463 2807 626 2875 Diodorus
640 2808 705 2873 Sic.
722 2810 749 2871 l.
765 2828 796 2876 2.
809 2826 844 2894 p.
855 2826 889 2893 5.

266 2913 322 2998 36.
337 2910 379 2975 C.
408 2915 500 2992 Τιμᾶν
523 2911 631 2995 τὰν-]
664 2911 716 2975 De
742 2909 804 2991 hoc
834 2932 897 2975 non
920 2910 1009 2989 alibi,
1031 2910 1120 2998 quod
1146 2908 1258 2992 sciam,

223 3013 353 3102 prodito
371 3011 531 3098 Euripidis
544 3010 617 3076 loco
638 3011 711 3074 satis
732 3011 869 3076 diximus
891 3011 924 3078 in
942 3013 1120 3078 Noutione
1133 3013 1258 3077 Emen-

225 3116 404 3182 dationum.
441 3115 552 3178 Unum
565 3111 748 3177 addendum
762 3113 803 3176 dc
815 3113 870 3176 illo
884 3135 904 3176 a
915 3113 1100 3199 Musgravio
1113 3115 1260 3184 correcto

227 3217 380 3305 nobisque
404 3216 538 3302 probato
563 3214 719 3292 ἂνσέτιιθε,
744 3213 910 3294 minamini,
930 3213 1074 3303 jaciatis.
1116 3218 1171 3282 Est
1194 3216 1260 3281 hoc

226 3318 426 3408 esqui'srtum.
474 3318 525 3381 lta
551 3316 742 3380 Plutarchus
769 3315 889 3382 Timol.
925 3339 959 3402 p.
983 3336 1056 3397 240.
1081 3320 1122 3383 Ε.
1167 3318 1258 3384 Dion

228 3421 346 3508 Chrys.
369 3422 426 3485 Or.
442 3420 502 3484 lx.
527 3440 559 3505 p.
578 3438 650 3505 139.
665 3419 712 3483 B:
737 3418 929 3500 ἁναοειναμένο
950 3420 977 3486 δὲ
999 3421 1048 3482 καὶ
1066 3420 1260 3494 occiduam

229 3527 271 3608 ἐχ
286 3521 412 3604 diripiens
423 3525 470 3599 τὴν
484 3519 655 3606 σαρῥησῖαν.
689 3519 909 3606 Diogenianus
921 3520 1008 3608 apud
1023 3521 1139 3586 Euscb.
1155 3524 1259 3608 l‘raep.

227 3627 350 3710 Evang.
364 3622 424 3688 Vl.
447 3643 480 3711 p.
496 3639 570 3704 207.
584 3623 639 3686 D:
662 3619 744 3696 οῖνιοος
766 3622 883 3686 ἄνπάνυ
900 3628 940 3707 τῷ
959 3623 1048 3710 utyp.
1085 3625 1261 3690 RWelse·

228 3722 346 3812 lingius
360 3723 402 3787 ad
413 3722 549 3788 Diodor.
565 3721 630 3787 Sic.
645 3724 683 3787 T.
697 3725 724 3786 I.
740 3744 773 3809 p.
784 3725 858 3802 646.
874 3723 984 3811 attigit
997 3738 1030 3790 ct
1048 3724 1111 3790 hoo
1124 3725 1259 3792 verbius

227 3840 263 3894 et
275 3846 392 3891 nornen
406 3825 551 3903 ἂνίιτασις,
568 3822 607 3889 de
623 3846 687 3911 quo
702 3825 783 3890 iniis
795 3825 951 3891 dicemus.

268 3932 323 4018 36.
338 3928 383 3994 D.
404 3928 546 4003 ἄνιἰσλεως
566 3925 602 3990 ὧν
616 3928 682 4004 ἤνυε
700 3934 747 4004 τῆς
764 3931 865 4016 μητρὸς
882 3928 922 3993 oid
944 3929 991 4009 xcii
1007 3929 1159 4016 τίτθηςο]
1186 3931 1259 4000 Ph·

162 4090 167 4099 .
227 4032 336 4100 tonica
352 4032 419 4095 fere
443 4029 526 4094 sunt.
569 4029 728 4105 Ἀνάιιλιιος
753 4028 788 4094 in
812 4031 919 4117 glollrs
940 4032 1039 4097 habet
1059 4032 1201 4098 lirnaeus
1226 4049 1263 4101 et

227 4132 382 4219 explicuit
400 4130 611 4198 Ruhnkenius
624 4152 658 4218 p.
671 4150 726 4218 31.
744 4132 849 4220 plenus
862 4134 1011 4219 sordium,
1030 4135 1163 4198 nondum
1181 4151 1261 4223 pur-

223 4245 337 4322 patuit
353 4233 400 4300 fic
414 4245 450 4299 et
462 4234 541 4322 Rep
552 4234 629 4315 Vll.
638 4255 677 4323 p.
687 4234 763 4319 481.
778 4234 829 4303 D:
851 4235 955 4314 σκότιος
967 4236 1191 4322 ἀνάπλεων-κοῖς
1205 4239 1260 4314 τοῖς
