2684 4762
242 337 295 403 nu
316 328 541 403 nummula
562 330 707 403 1011111.
727 344 814 422 pro.
828 342 942 414 0⁴27-
955 343 990 401 c.
1070 352 1128 402 ma

100 503 189 587 με’νοις
203 507 359 586 ἀνήλισκον,
374 505 500 588 dripere·
519 504 568 581 τῦς
583 506 671 579 ωὸνυς
690 509 790 584 αὐτῶν,
807 505 907 569 ἔλαθον
919 504 993 569 ὤνιον
1006 504 1068 583 ὅλην
1084 505 1133 584 mit

101 607 230 694 πατρίδα
246 609 423 687 ποιήσαντες,
439 608 548 682 laureis
565 635 596 671 re
613 607 710 681 &daut
730 615 783 670 mir
804 607 936 686 reveletur,
959 608 1000 670 ’etl
1018 613 1059 692 τῷ
1079 614 1133 671 τῶν

100 709 247 787 βελτιόνων
268 708 376 797 ἄρχειν.
398 733 431 796 p.
447 725 522 796 495.
537 711 572 774 F.
597 728 672 794 515.
687 710 727 773 B.
749 722 824 793 591.
841 708 880 772 C.
903 723 978 793 592.
994 709 1034 773 C.
1057 708 1132 794 998.

102 811 146 876 A.
173 813 266 877 1062.
282 813 320 877 B.
364 812 416 876 De
434 811 676 876 Athenienlium
699 809 910 897 Demagogis,
926 833 965 874 ex
984 809 1135 875 interiore

102 913 293 978 Graecorum
316 934 422 978 rerum
444 911 641 1000 cognitione,
658 910 800 977 dilleruit
813 911 1044 977 Valckenarius
1059 911 1132 977 nos-

102 1027 153 1078 ter
166 1014 199 1077 in
213 1013 352 1078 Diatrib.
367 1014 408 1077 ad
421 1013 565 1101 Euripid.
582 1015 709 1100 Fragm.
726 1014 807 1099 Cap.
823 1014 951 1077 XXIII.

144 1119 199 1183 26.
215 1115 255 1181 C.
277 1114 411 1204 Ἀτρείδη,
426 1123 469 1179 νῦν
482 1114 615 1202 ἄμμεα]
643 1113 735 1180 Iliad.
751 1117 793 1180 A.
807 1135 862 1202 59.

148 1221 200 1285 26.
213 1219 257 1282 D.
279 1221 362 1281 -e'd'
378 1217 407 1296 ἢν
420 1218 673 1303 Ἀγαμέμνονα-]
700 1216 792 1281 Iliad.
803 1218 846 1282 A.
864 1236 918 1303 90.

147 1322 199 1385 26.
214 1321 257 1384 D.
276 1320 340 1395 *Alit
355 1324 381 1394 ἐς
395 1321 505 1405 nutele]
532 1318 622 1382 Iliad.
636 1323 678 1382 A.
695 1337 767 1384 220.

147 1423 201 1488 26.
216 1425 254 1485 Ε.
278 1422 429 1509 Δακςῦσας
444 1421 600 1508 ledetur-4
629 1419 718 1485 Iliad.
733 1421 776 1483 A.
791 1440 866 1506 349.
974 1405 977 1413 λ

148 1524 200 1589 26.
218 1522 252 1586 F.
275 1523 351 1584 οὐδὲν
377 1523 476 1608 αἶχςόν
500 1522 544 1583 ridi
569 1523 694 1608 ἐρωτικὸν
715 1521 876 1606 baalath]
912 1521 1052 1587 Reilltius
1076 1543 1136 1609 pro

103 1623 229 1711 ἐρωτικὸν
245 1621 382 1686 malebat
396 1622 521 1708 ρωπικόν,
531 1621 701 1707 sordidum,
717 1621 837 1701 humile,
849 1621 1006 1709 plebeium,
1022 1623 1063 1687 de
1076 1645 1135 1688 cu-

97 1724 156 1813 jus
178 1723 264 1788 vocis
290 1723 443 1810 potestate
466 1721 610 1786 dicemus
634 1723 717 1787 infra
737 1722 778 1786 ad
802 1744 836 1808 p.
850 1741 925 1810 495.
942 1724 990 1789 C:
1017 1724 1049 1790 in
1073 1747 1137 1812 qua

106 1824 285 1890 mutatione
308 1821 483 1910 probanda,
509 1837 547 1886 ut
570 1824 611 1886 ab
632 1823 688 1888 illo
709 1823 867 1905 diss'entio,
890 1825 936 1889 ita
960 1825 1062 1891 fateor
1083 1849 1137 1893 me

103 1925 278 2012 aliquando
292 1942 367 1990 cunt
382 1923 438 1989 illo
452 1923 630 1989 cousenfille
652 1924 684 1988 in
703 1923 912 2010 improbanda
927 1927 1056 2013 vulgata
1068 1927 1137 1992 lec-

104 2029 205 2107 tione,
221 2050 294 2114 quae
313 2025 394 2090 mihi
408 2047 473 2090 non
489 2025 560 2090 satis
580 2046 655 2089 cum
677 2023 828 2111 adjuncto
848 2028 947 2112 αἰχρὸν
968 2029 1138 2093 convenire

104 2131 292 2196 videbatur:
323 2127 461 2212 indeque
482 2129 614 2214 ἑταιρικὸν
627 2128 676 2192 vel
696 2127 793 2191 fimile
807 2127 885 2214 quid
898 2129 1065 2194 malebam.
1104 2134 1136 2195 1-
1197 2202 1199 2207 ,

106 2233 181 2298 dem
196 2252 285 2296 error
299 2244 333 2294 et
345 2228 426 2293 mihi
439 2223 473 2294 et
488 2227 621 2308 Reilkio,
635 2242 669 2293 et
684 2229 781 2293 credo
793 2230 863 2295 aliia
877 2232 972 2315 sape,
987 2231 1137 2296 fimilibus
1205 2303 1209 2311 ,

106 2336 140 2400 in
163 2334 255 2413 locis,
274 2332 394 2411 obluit3
419 2343 457 2395 ut
469 2330 542 2396 duae
564 2330 705 2416 pluresve
717 2354 810 2397 voces
829 2333 861 2397 in
882 2333 993 2398 eadem
1009 2358 1042 2400 re
1056 2359 1136 2401 con·

99 2435 224 2525 jundiae
248 2432 333 2498 idem
356 2432 540 2518 significare,
562 2445 619 2496 aut
638 2444 725 2496 certe
748 2432 988 2519 significationes
1002 2435 1136 2502 suasio·
1257 2480 1259 2484 -
1321 2438 1324 2445 '

13 2584 20 2597 .
105 2535 208 2600 vicem
224 2534 473 2614 communicare,
489 2533 664 2599 videantur.
702 2534 800 2622 Quod
818 2535 960 2620 profedlo
975 2537 1064 2613 secus
1077 2540 1137 2604 est:

105 2640 205 2707 veluti
224 2641 285 2706 hoc
307 2641 379 2706 loco
393 2640 599 2728 Agamemnon
620 2639 666 2703 nit
685 2652 768 2727 turpe
788 2664 840 2704 nee
860 2643 1037 2707 amatorium
1047 2643 1139 2731 fecit,

107 2767 174 2810 non
190 2766 230 2809 eo
243 2742 337 2821 valet,
359 2756 396 2807 ut
410 2741 585 2806 amatorium
605 2763 662 2827 pro
682 2743 762 2832 turpi
779 2741 963 2807 habendum
978 2745 1138 2832 accipien-

108 2846 250 2932 dumque
265 2845 321 2922 fit;
345 2842 398 2907 sed
412 2844 467 2907 res*
478 2843 545 2928 ipsa
562 2842 741 2906 declaratur
754 2854 788 2905 et
801 2842 934 2921 saelum,
948 2856 986 2908 ut
999 2845 1041 2908 est
1054 2845 1139 2930 apud

108 2950 291 3012 Homerum
307 2945 400 3010 Iliad.
410 2946 452 3009 A.
466 2965 537 3029 ¹13·
549 2965 623 3030 310.
652 2947 780 3009 Poterat
791 2945 1016 3031 Agamemnon
1031 2948 1137 3036 Chry-

107 3049 212 3115 seiden
234 3049 401 3113 dImittens
422 3047 540 3134 aliquid
561 3063 652 3134 turpe
674 3049 789 3127 Iacere,
812 3063 937 3135 poterat
958 3062 993 3114 et
1013 3063 1137 3115 amato-

107 3153 204 3233 rium,
226 3151 322 3237 idque
343 3151 391 3215 vel
415 3164 521 3239 turpe,
545 3150 592 3214 vel
612 3173 676 3216 non
693 3165 805 3238 turpe:
833 3173 919 3216 nunc
934 3152 1050 3216 horum
1065 3174 1138 3217 om·

110 3251 200 3316 nium
216 3249 397 3314 nihilfecit.

152 3354 205 3420 26.
219 3354 255 3415 F.
276 3352 331 3414 Τὸν
343 3352 394 3432 μὲν
410 3347 467 3434 ἐγὼ
479 3347 664 3436 diarum]
690 3351 840 3437 Quatuor
852 3350 887 3415 hi
901 3352 1004 3417 versus
1018 3351 1050 3417 in
1065 3375 1137 3418 om-

109 3453 204 3520 nibus
226 3456 361 3521 Homeri
381 3454 544 3519 codicibus
565 3455 740 3536 defiderati,
754 3469 788 3521 et
809 3457 869 3522 hac
890 3481 955 3522 una
977 3459 1139 3524 Plutarchi

110 3558 276 3623 mentione
297 3557 433 3645 cogniti,
456 3557 564 3622 locum
585 3557 677 3621 suum
699 3557 881 3624 habueruut
904 3560 995 3627 Iliad.
1016 3563 1138 3647 1.456.

109 3658 197 3723 unde
211 3659 278 3746 post
292 3657 473 3723 Barnefium
489 3657 637 3724 nonnulli
650 3681 705 3724 eos
719 3659 856 3727 editores
870 3662 1057 3729 retulerunt.

157 3783 190 3847 p.
207 3778 259 3846 27.
274 3763 318 3825 A.
340 3762 385 3824 eir
400 3760 567 3848 Μελέαγρον
582 3762 775 3847 luuoeiyet-]
794 3761 876 3835 Idem
890 3765 1017 3841 Rhoenix
1028 3766 1141 3830 inducit

109 3860 322 3948 Meleagrum:
345 3860 464 3925 ibidem
479 3861 569 3925 Iliad.
580 3864 607 3927 I.
619 3877 694 3947 525.
710 3863 774 3950 seq.

155 3980 206 4047 27.
220 3967 264 4028 Α.
300 3964 444 4046 ἐφιςίιπας
471 3968 517 4029 τὸν
541 3965 608 4051 νέον]
648 3978 792 4032 attentum
814 3968 966 4036 reddentes
982 3972 1139 4058 juvenem.

55 4068 58 4077 '
109 4065 193 4133 Vide
209 4066 370 4153 nosadp.
384 4084 434 4152 17.
450 4070 487 4133 E.

156 4186 208 4254 27.
223 4172 261 4235 Β.
285 4173 322 4235 At
335 4178 395 4261 γὰρ
406 4173 525 4259 ἐμεῦ-]
552 4171 659 4260 Odyss.
675 4175 713 4240 Z.
731 4193 802 4256 244.

156 4287 208 4356 27.
226 4274 265 4338 C.
288 4272 399 4339 (livere
412 4283 466 4342 τῶν
478 4276 528 4360 μὲν
542 4276 670 4364 llige-J
697 4277 806 4364 Odyll.
817 4277 854 4349 Σ.
871 4275 945 4345 281.
1008 4265 1011 4272 ’
