2684 4762
158 216 200 354 ir
303 338 306 344 .
358 271 404 359 n.
418 270 478 367 w.
492 269 725 346 rnnrano
743 266 1003 343 emmanu.

157 481 236 529 aves
257 455 344 554 ipsas
369 475 443 530 non
466 459 634 531 vexabat?
668 458 738 531 Sed
753 459 912 533 utilitatis
926 455 1013 554 quid
1029 453 1192 550 afferunt

156 579 230 653 istae·
246 579 414 654 editiones
428 564 442 653 l
467 580 673 683 Dostis'aut
695 580 793 671 nihil,
813 591 876 654 aut
891 596 1014 678 parum
1029 605 1042 661 t
1065 601 1113 651 ne
1130 579 1191 669 in·„

157 701 269 775 doetis
297 683 439 800 quidem
470 729 510 776 ac
535 704 716 793 tironibus,
743 705 870 802 quibus
892 698 1191 803 destinatae’smrt,

157 806 297 900 'tautum
314 836 487 924 quantum
500 826 610 926 'vulgo
626 838 789 925 putatur;
816 828 944 924 quippe
956 824 1045 922 saepe
1061 822 1192 923 alienael

155 950 324 1038 materiae,
342 974 409 1022 nec
425 948 495 1046 ipso
507 951 675 1023 Veterum
692 950 758 1025 usu
770 948 938 1037 colledlae,
954 947 1193 1049 ignoratione,-

156 1070 247 1168 saepe
270 1071 421 1166 ejusdem
446 1073 706 1168 constipatione,
732 1071 820 1169 saepe
842 1071 937 1143 inani
962 1069 1186 1166 loquacitate,

155 1206 193 1269 et
210 1193 290 1290 ipsae‘
306 1205 458 1265 errantes
482 1205 519 1266 et
542 1193 737 1292 legentibus
759 1217 909 1266 errorem
931 1192 1199 1289 caliginemque·

155 1314 405 1400 effundentest
431 1328 473 1388 ut
502 1314 569 1413 ipse
596 1317 734 1390 Austor
762 1315 852 1389 solus
878 1328 921 1388 et
937 1315 1090 1398 minore,
1103 1337 1186 1385 oum

156 1439 280 1510 erroris
296 1439 448 1536 periculo
464 1435 612 1537 legatur,
630 1452 667 1512 et
682 1439 817 1520 facilius
837 1437 1058 1535 intelligatur.
1109 1434 1193 1543 Ne‘.

155 1561 228 1656 q'ue
242 1586 325 1633 vero
341 1561 410 1634 hoc
427 1563 477 1634 ita
491 1562 584 1650 dion,
608 1586 649 1634 ac
670 1561 696 1633 (ι
717 1586 839 1634 omnes
856 1561 892 1632 in
908 1560 1030 1632 eadem
1046 1557 1187 1630 levitate

156 1681 225 1756 smt
248 1682 416 1758 editiones
440 1686 522 1758 nae.
575 1661 666 1759 snit
690 1682 1017 1781 omninoquaednn
1040 1679 1187 1764 anaea

155 1803 240 1876 viris
256 1784 367 1879 dodis
386 1818 428 1880 ¹et
449 1807 646 1906 ingeniolis,
662 1831 729 1881 nec
745 1806 859 1882 alieno
875 1802 1111 1903 indigentibus
1127 1825 1185 1881 or-⁴

157 1938 268 2000 natu:
295 1927 351 2000 sed
377 1941 414 2002 et
439 1929 497 2003 hae
523 1930 606 2019 fere,
632 1943 674 2003 ut
697 1929 853 2028 reliquae,
870 1928 920 2002 ita
942 1927 1185 2021 suntoempa·

155 2059 253 2140 ratae,
272 2064 313 2124 ut
328 2052 456 2126 alienas
472 2077 556 2152 opes
573 2078 636 2152 pro
652 2053 719 2126 suis
734 2054 926 2126 venditent.
1147 2044 1150 2050 ’

185 2197 187 2203 ·
204 2173 297 2247 ‘Jam
307 2175 407 2247 ‘dicat
424 2178 514 2272 quis,
527 2177 589 2248 Tu
605 2201 687 2248 vero
703 2175 849 2248 aliorum
867 2171 1099 2272 reprehensor,
1116 2195 1185 2268 qua

155 2295 226 2391 ipsc
240 2296 420 2392 diligentia
436 2308 473 2368 et
489 2296 656 2394 religione
678 2296 889 2395 provinciam
911 2295 1108 2391 interpretis
1124 2293 1185 2366 ad-

154 2416 385 2493 ministrabis?
412 2419 586 2516 Equidem
604 2432 641 2492 et
653 2404 784 2517 'partim
801 2420 884 2508 dixi,
901 2429 939 2491 et
955 2417 1072 2490 dicam
1089 2416 1184 2514 quod

155 2538 325 2636 superest:
353 2539 409 2612 sed
434 2541 546 2614 dicam
571 2543 615 2614 ad
640 2567 761 2640 aequos
786 2542 861 2615 illos
887 2539 1185 2637 intelligentesque

154 2660 313 2750 lestoreS,
343 2689 432 2760 quos
460 2664 548 2737 mihi
581 2643 839 2749 administratae-
859 2665 965 2760 hujus
997 2664 1185 2759 provinciae

72 2818 77 2823 ·
100 2858 103 2863 ,
149 2783 287 2880 judices
313 2787 494 2886 obtingere
518 2801 623 2887 opto:
650 2800 687 2861 et
704 2788 821 2872 dicam
843 2812 926 2860 cum
948 2785 994 2857 de
1017 2809 1087 2873 me,
1107 2798 1184 2858 tum

154 2905 199 2977 de
225 2906 454 2983 decessoribus
480 2937 522 2983 ac
548 2910 794 2985 successoribus
808 2957 809 2960 =
822 2911 920 2983 meis.
969 2907 1043 2979 Vos
1057 2988 1061 2992 ,
1077 2908 1185 3005 igitur

155 3013 313 3126 appello,
327 3032 421 3128 aequi
447 3033 745 3131 intelligentesque
764 3033 901 3130 judices
916 3033 936 3115 !¹
950 3031 1024 3101 Vos
1045 3029 1187 3102 obsecro

154 3161 197 3225 ut
216 3152 303 3225 mihi
327 3153 521 3252 ignoscatis,
544 3154 569 3227 sr
593 3156 679 3252 quid
702 3179 870 3244 enatem,
895 3153 949 3226 vel
975 3153 1184 3249 ignorantia,

153 3273 206 3349 vel
224 3276 447 3375 negligentia,
465 3278 520 3351 vel
537 3277 728 3353 oblivione:
753 3277 911 3351 siminus
927 3299 1033 3373 quam
1049 3299 1114 3372 pro
1131 3285 1186 3347 tot

152 3421 326 3472 annorum
351 3399 606 3496 exspectatione
630 3401 801 3475 dostrinae
817 3401 1068 3498 copiarumque
1090 3408 1184 3469 attu-

154 3517 237 3592 lero.
289 3519 499 3617 Legentium
529 3525 648 3596 studiis
678 3525 728 3597 ita
757 3522 947 3611 consulam,
974 3532 1017 3592 ut
1040 3519 1183 3604 nullum

153 3664 227 3711 non
260 3638 378 3715 locum
409 3643 584 3717 difficilem
615 3629 841 3719 obscurumve
869 3644 923 3730 rel
952 3642 1132 3741 expediam
1158 3641 1184 3714 fi

149 3765 287 3861 potero,
318 3777 380 3837 aut
404 3765 454 3839 fin
480 3768 598 3867 minus
623 3782 756 3866 potero,
782 3766 1024 3840 difficultatem
1049 3770 1183 3853 notem,

145 3865 341 3984 ¹meamque
357 3887 425 3985 ipse
441 3890 672 3988 ignorantiam
691 3916 763 3964 non
781 3890 1003 3980 diffimulem.
1054 3886 1183 3972 Debes

128 4006 282 4097 ¹soribus
304 4012 392 4083 meis
414 4011 611 4110 Xylandro,
635 4014 825 4112 Stephano,
849 4015 934 4100 aliis,
958 4012 1016 4085 sua
1039 4033 1105 4083 nec
1121 4010 1182 4081 de·

154 4128 288 4218 traham
315 4132 405 4217 bene
428 4132 521 4219 satta
544 4118 766 4233 inventaque,
789 4160 854 4210 nec
875 4135 961 4237 mihi
985 4132 1185 4236 vindicabo,
1224 4217 1228 4227 „
