2684 4762
281 342 336 401 DE
355 342 580 403 AUDIENDIS
602 344 747 404 POETIS.
767 364 796 422 p.
809 346 859 405 26.
871 347 909 404 A.
1029 355 1111 421 ¹249

123 507 176 573 26.
189 505 233 570 A.
255 508 421 592 τιθαιός-]
458 507 643 571 Probabilis.-
672 507 782 587 active,
805 509 856 595 qm'
877 509 1022 596 probandi
1041 525 1113 596 per-

64 605 279 694 suadendique
304 607 367 671 vim
397 607 504 687 haben
532 608 654 694 paffive,
685 610 764 695 quod
779 609 884 696 facilc
908 611 1052 697 probatur
1079 634 1115 674 uc

72 707 289 795 perfimdetur:
312 710 393 796 saepe
415 709 570 776 deteriore
584 710 739 797 accipitur
753 711 840 776 sensu
851 711 1009 798 fallentis,
1032 711 1113 773 dcci·

74 808 198 898 picatis,
213 809 313 895 asluh',
328 825 366 874 ut
379 810 433 904 hio
442 810 593 898 jungitur
607 811 729 876 nomini
741 819 890 900 τανῦμγος.
926 812 1115 877 Plutarchus

79 909 167 997 Opp.
183 911 271 974 Mor.
290 933 323 996 p.
338 925 391 994 51.
407 911 459 975 C:
482 915 602 986 πιθανὸς
619 912 852 994 μεταὸἄλλεὲιαη,
865 913 974 998 facilis
989 938 1024 975 ac
1043 929 1113 999 pro-

77 1008 189 1075 babilis
199 1010 255 1098 sui
270 1011 328 1099 ipse
342 1024 482 1092 mutator,
497 1011 664 1098 versatilis:
687 1037 719 1099 p.
730 1031 806 1095 424.
821 1013 867 1078 C:
883 1021 975 1077 ταῦτα
986 1019 1114 1086 πιθανῶς

77 1119 189 1196 μᾶλλον
202 1113 217 1191 ἢ
232 1119 341 1193 ἀληθῶς
356 1113 465 1201 είρητοη.
501 1135 577 1200 433.
592 1117 630 1179 Ε.
654 1119 728 1198 627.
743 1119 788 1182 B:
812 1122 952 1195 πιθανῶς,
969 1115 1029 1197 ἔφην
1044 1111 1112 1199 ἐγὼ,

78 1218 110 1279 οὔ
126 1218 179 1298 μὴν
197 1220 318 1294 ἀληθῶς.
342 1217 416 1302 689.
432 1219 469 1280 Β.
496 1233 589 1302 1057.
605 1219 651 1281 B:
675 1219 777 1294 ψευδεῖς
799 1219 972 1306 ἔνεργᾶζετνη
993 1214 1039 1295 κα)
1056 1243 1113 1280 πι-

77 1319 167 1402 θανὰς
188 1316 352 1400 φαντασίας.
388 1317 535 1381 Vitatum
557 1340 589 1404 p.
602 1318 738 1402 451.A:
763 1316 958 1403 λόγον-οὗτοι
979 1343 1114 1380 συντετα-

78 1416 180 1502 γμίνον
192 1422 321 1491 πιθανῶς
334 1419 355 1504 ιη
370 1417 536 1504 πανίργονς.
559 1419 635 1503 584.
650 1421 702 1484 A:
725 1425 863 1506 τανὲμγος
875 1417 909 1481 νίν
924 1418 969 1498 καί
982 1419 1113 1492 πιθανός.

79 1534 157 1604 524.
173 1519 206 1584 D
219 1545 228 1581 t
251 1526 391 1607 Περικλῆς
410 1520 460 1602 μὲν
478 1519 521 1583 οὖν
535 1521 591 1584 ἀντί
602 1548 632 1584 τε
646 1525 742 1607 ἁμετῆς
756 1526 884 1598 ἀληθινῆς
899 1521 920 1607 ’lt
937 1521 1011 1604 λόγον
1033 1520 1114 1584 δυνά-

79 1645 153 1703 μεως
166 1623 213 1698 τὴν
225 1621 313 1685 πόλιν
327 1619 414 1705 ἄγαν,
429 1622 527 1696 οὐδενὸς
541 1624 621 1685 ἐδεῖτο
635 1629 807 1706 χηματισμιῖ
820 1624 893 1710 πρὸς
911 1625 956 1686 τὸν
971 1622 1056 1707 ὄχλον
1071 1623 1116 1684 ίδέ

78 1720 278 1799 πιθανίτητος.
316 1721 403 1806 Opp.
425 1722 512 1784 Mor.
536 1723 611 1807 673.
627 1724 661 1786 F.
680 1728 713 1808 τῇ
735 1725 762 1785 δὲ
780 1725 892 1806 μιμῆσει
910 1723 1061 1811 παννςγία
1075 1750 1116 1797 τις

81 1823 240 1905 ἔμφαίνεταη
264 1821 311 1903 κοίη
331 1822 495 1900 πιθανότης.
536 1823 621 1887 Dion
651 1823 764 1910 Chrys.
788 1825 844 1889 Or.
863 1826 921 1887 IV.
948 1845 981 1908 p.
998 1824 1049 1906 78.
1074 1823 1114 1887 C.

81 1924 176 2001 ἂτάτη
190 1925 271 1988 πάνυ
284 1927 373 2012 ὡραῖα
386 1924 432 2002 και)
446 1924 606 2002 πιθανῆ-.
632 1924 683 1987 80.
699 1923 738 1988 C.
753 1924 845 2000 ἀτάτη
860 1923 1058 1999 πιθανωτάτη.

126 2028 179 2093 26.
193 2027 237 2091 Α.
259 2032 369 2109 μᾶλλον
391 2024 636 2107 οίίίθοι-μίμησιν
652 2025 717 2105 είνοη
734 2030 781 2103 τὴν
800 2024 913 2102 ποίησιν
927 2032 998 2102 ἠθῶν
1012 2053 1033 2111 ιη
1049 2051 1115 2088 πα-

19 2140 22 2144 ’
81 2129 195 2213 θῶν-]
222 2129 260 2192 In
275 2126 373 2207 οἰίθω,
397 2127 500 2191 nescio
515 2126 691 2211 quomodo,
714 2127 835 2212 semper
856 2126 936 2189 mihi
956 2125 1118 2212 displicuit

80 2243 116 2295 et
130 2230 241 2295 formae
256 2229 389 2308 novitas,
408 2227 499 2315 cujus
517 2250 581 2292 non
603 2227 690 2292 aliud
709 2226 842 2291 memini
864 2250 916 2292 me
937 2228 1043 2314 legere
1058 2250 1115 2292 ex·

82 2332 228 2418 emplum
243 2334 275 2398 in
292 2333 473 2413 Plutarcho,
488 2332 544 2418 qui
559 2332 636 2410 fere,
652 2345 689 2395 ut
703 2331 769 2412 alii,
784 2330 878 2413 οίεθαη
892 2335 951 2419 χρὴ
966 2331 1115 2418 usurpat3

81 2451 117 2501 et
142 2434 325 2521 fignificatio
347 2436 520 2499 abhorrens
542 2456 561 2498 a
582 2448 669 2498 certa
692 2457 725 2498 re
748 2448 896 2520 certaque
919 2433 1116 2520 cognitione,

80 2560 177 2626 quam
200 2537 334 2624 praesens
355 2538 445 2601 locus
467 2535 615 2621 postulat,
638 2535 691 2600 cui
712 2535 815 2621 magis
838 2534 1116 2599 accommodatum

81 2654 150 2706 erat
164 2639 225 2719 ίςα,
239 2637 478 2727 προλαμὸανίτω,
494 2651 550 2702 aut
564 2637 673 2701 simile.
707 2638 779 2701 Nec
794 2637 931 2701 revocari
946 2637 1117 2701 commode

83 2745 185 2832 potest
210 2743 251 2807 ad
275 2743 445 2808 elationem
470 2742 580 2822 animi,
606 2766 677 2829 quae
703 2743 746 2806 est
774 2742 805 2806 in
835 2741 930 2820 οίητις,
956 2764 1117 2828 quamque

83 2846 162 2912 item
177 2846 209 2909 in
224 2847 320 2910 verbo
339 2844 432 2924 οίεῶας
452 2845 546 2909 inesse
567 2845 634 2908 vult
657 2845 696 2908 Is.
712 2844 917 2908 Casaubonus
934 2845 974 2907 ad
992 2844 1115 2908 Athen.

82 2970 117 3036 p.
135 2949 208 3031 760.
245 2946 343 3034 Quod
367 2945 406 3010 ad
429 2946 532 3030 ipsum
553 2945 667 3027 attinet
686 2959 895 3031 praeceptum,
916 2962 1118 3029 comparetur

83 3072 156 3138 pars
174 3048 270 3136 hujus
290 3049 387 3113 libelli
401 3071 471 3134 quae
486 3048 578 3134 supra
592 3047 653 3111 fuit
668 3068 700 3133 p.
718 3047 768 3109 18.
783 3047 828 3125 Α,
840 3049 878 3110 Β.
895 3047 1058 3131 nostraque
1076 3046 1117 3110 ad

83 3173 156 3215 earn
184 3150 429 3215 animadverfio:
469 3165 539 3214 tuni
566 3172 640 3214 vero
671 3148 802 3236 gemina
817 3168 818 3171 ’
833 3149 908 3213 huic
941 3147 1119 3215 admonitio

86 3249 388 3316 Pseudo-Plutarchi
412 3249 452 3313 de
476 3251 550 3314 Vita
574 3250 707 3315 Homeri
733 3250 763 3332 ξ.
788 3264 859 3334 135.
888 3270 920 3334 p.
940 3269 1015 3333 350.
1039 3249 1117 3315 edit.

86 3352 191 3417 Galei.
221 3350 345 3439 Ὅμηρος
365 3351 405 3414 ἀεί
425 3352 554 3439 παράγει
576 3349 625 3426 τές
646 3352 754 3436 ἁρίςιις,
778 3350 838 3414 οὔτε
856 3355 970 3435 ἀγενεῖς,
990 3349 1049 3414 οὔτε
1066 3357 1120 3434 μὴν

84 3453 189 3538 ἀφίένς
208 3455 224 3532 ἢ
243 3457 351 3529 ἁλόντος
372 3461 523 3531 παντελῶς,
539 3458 566 3516 ἀν
579 3459 618 3538 τῷ
631 3457 670 3535 μὴ
683 3451 759 3536 ἄγαν
774 3457 828 3528 τοῖς
841 3454 954 3517 πάθεσι
968 3460 1120 3542 apartium
1187 3505 1191 3512 .

84 3562 139 3618 τῶν
158 3555 269 3635 φαύλων
287 3553 469 3641 διαφέροντας.
506 3551 699 3638 Diogeniani
724 3551 923 3639 Peripatetici
943 3552 1029 3639 apud
1051 3556 1118 3620 Eu-

85 3655 150 3722 seb.
168 3657 267 3742 Praep.
284 3655 476 3742 Evang.Vl.
493 3653 524 3717 8.
545 3675 579 3739 p.
593 3657 666 3738 263.
681 3653 729 3716 B:
753 3661 855 3741 ποιητῇ
873 3656 934 3736 μὲν,
953 3654 1002 3719 oin
1021 3661 1050 3721 ον’
1072 3663 1121 3738 τὴν

85 3757 218 3834 ἀλήθειαν
234 3763 296 3839 ἡμῖν
309 3764 356 3833 τῆς
369 3766 423 3821 τῶν
439 3755 510 3819 ὅνίονν
528 3755 630 3838 φύσεως
652 3756 839 3843 ιἰτιχνιιμὲνῳ,
862 3762 941 3821 ἀλλὰ
959 3760 1121 3844 μεμιγμένα

85 3857 171 3934 πάθη
191 3884 222 3920 τε
242 3856 288 3937 κοίη
301 3858 352 3934 ἤθη
367 3854 412 3925 καί
427 3855 505 3932 ἀίξας
517 3855 646 3928 παντοίας
661 3854 819 3941 ἀνθρώπων,
835 3849 960 3943 οἱςμίτίον
974 3857 1007 3922 ἀν
1022 3858 1060 3937 εἴη
1075 3861 1122 3940 καὶ

85 3965 124 4024 ταὶ
146 3960 253 4024 ἐναντία
275 3960 366 4045 λέγειν
386 3958 550 4032 πολλάκιςε
582 3957 636 4022 ubi
658 3957 822 4045 vulgatum
847 3960 1009 4045 μεμιγμένην
1034 3980 1121 4028 certe

86 4062 232 4128 vitiosum
255 4064 319 4125 cst:
343 4061 457 4125 rectius
476 4061 519 4124 est
541 4059 589 4124 vel
609 4059 782 4144 μεμιγμένα,
802 4061 887 4147 quod
909 4062 1050 4143 exhibui,
1071 4066 1122 4131 vel

85 4165 277 4250 μεμιμημένα,
293 4164 341 4228 vel
354 4162 512 4249 μιμνμένῳ.

132 4269 184 4333 26.
195 4268 238 4331 Α.
261 4268 499 4352 σνντνθνοιῶντος]
525 4264 577 4331 De
591 4263 655 4330 hoc
669 4263 764 4330 verbo
779 4263 926 4352 quaedam
941 4269 1121 4335 notavimus
