<?xml version="1.0" encoding="UTF-8"?>
<!DOCTYPE html PUBLIC "-//W3C//DTD XHTML 1.0 Transitional//EN"
    "http://www.w3.org/TR/xhtml1/DTD/xhtml1-transitional.dtd">
<html xmlns="http://www.w3.org/1999/xhtml" xml:lang="en" lang="en">
 <head>
  <title>
</title>
<meta http-equiv="Content-Type" content="text/html;charset=utf-8" />
  <meta name='ocr-system' content='tesseract 3.04.00' />
  <meta name='ocr-capabilities' content='ocr_page ocr_carea ocr_par ocr_line ocrx_word'/>
</head>
<body>
  <div class='ocr_page' id='page_1' title='image "./plutarchichaero15plutgoog_0249.png"; bbox 0 0 2684 4762; ppageno 0'>
   <div class='ocr_carea' id='block_1_1' title="bbox 319 325 1146 412">
    <p class='ocr_par' dir='ltr' id='par_1_1' title="bbox 319 325 1146 412">
     <span class='ocr_line' id='line_1_1' title="bbox 319 325 1146 412; baseline 0.004 -22"><span class='ocrx_word' id='word_1_1' title='bbox 319 325 374 390; x_wconf 76' lang='lat' dir='ltr'>DE</span> <span class='ocrx_word' id='word_1_2' title='bbox 394 326 618 399; x_wconf 76' lang='lat' dir='ltr'>AUDIENDIS</span> <span class='ocrx_word' id='word_1_3' title='bbox 639 328 784 392; x_wconf 76' lang='lat' dir='ltr'>tomis.</span> <span class='ocrx_word' id='word_1_4' title='bbox 805 340 894 412; x_wconf 72' lang='lat' dir='ltr'>pm.</span> <span class='ocrx_word' id='word_1_5' title='bbox 908 330 946 395; x_wconf 73' lang='lat' dir='ltr'>A.</span> <span class='ocrx_word' id='word_1_6' title='bbox 1087 328 1146 405; x_wconf 68' lang='grc' dir='ltr'>νιν</span> 
     </span>
    </p>
   </div>
   <div class='ocr_carea' id='block_1_2' title="bbox 121 492 1230 4328">
    <p class='ocr_par' dir='ltr' id='par_1_2' title="bbox 121 492 1230 3722">
     <span class='ocr_line' id='line_1_2' title="bbox 121 492 1146 584; baseline 0.003 -28"><span class='ocrx_word' id='word_1_7' title='bbox 121 507 246 556; x_wconf 85' lang='lat' dir='ltr'>merum</span> <span class='ocrx_word' id='word_1_8' title='bbox 263 492 353 557; x_wconf 83' lang='lat' dir='ltr'>Iliad.</span> <span class='ocrx_word' id='word_1_9' title='bbox 371 496 481 579; x_wconf 66' lang='lat'><strong>[457.</strong></span> <span class='ocrx_word' id='word_1_10' title='bbox 492 496 567 580; x_wconf 82' lang='lat'><strong>565.</strong></span> <span class='ocrx_word' id='word_1_11' title='bbox 591 496 697 584; x_wconf 76' lang='lat' dir='ltr'>odyss.</span> <span class='ocrx_word' id='word_1_12' title='bbox 711 498 750 561; x_wconf 89' lang='lat' dir='ltr'>K.</span> <span class='ocrx_word' id='word_1_13' title='bbox 760 517 835 584; x_wconf 84' lang='lat'>491.</span> <span class='ocrx_word' id='word_1_14' title='bbox 854 500 1013 583; x_wconf 76' lang='grc'>534564.</span> <span class='ocrx_word' id='word_1_15' title='bbox 1034 498 1073 559; x_wconf 88' lang='grc' dir='ltr'>Λ.</span> <span class='ocrx_word' id='word_1_16' title='bbox 1087 515 1146 581; x_wconf 82' lang='grc' dir='ltr'>47ι</span> 
     </span>
     <span class='ocr_line' id='line_1_3' title="bbox 123 593 1230 682; baseline 0.005 -24"><span class='ocrx_word' id='word_1_17' title='bbox 123 593 297 658; x_wconf 79' lang='lat' dir='ltr'>Hetodum</span> <span class='ocrx_word' id='word_1_18' title='bbox 309 597 477 682; x_wconf 82' lang='lat' dir='ltr'>Theogon.</span> <span class='ocrx_word' id='word_1_19' title='bbox 490 614 563 679; x_wconf 87' lang='lat'>774.</span> <span class='ocrx_word' id='word_1_20' title='bbox 587 600 662 662; x_wconf 87' lang='lat' dir='ltr'>Huc</span> <span class='ocrx_word' id='word_1_21' title='bbox 677 599 774 663; x_wconf 82' lang='lat' dir='ltr'>etiam</span> <span class='ocrx_word' id='word_1_22' title='bbox 788 600 987 664; x_wconf 82' lang='lat' dir='ltr'>referendum</span> <span class='ocrx_word' id='word_1_23' title='bbox 1002 601 1044 664; x_wconf 89' lang='lat' dir='ltr'>est</span> <span class='ocrx_word' id='word_1_24' title='bbox 1055 599 1150 664; x_wconf 90' lang='lat' dir='ltr'>scho·</span> <span class='ocrx_word' id='word_1_25' title='bbox 1228 631 1230 634; x_wconf 46' lang='lat'><em>⁴</em></span> 
     </span>
     <span class='ocr_line' id='line_1_4' title="bbox 121 699 1149 788; baseline 0.001 -25"><span class='ocrx_word' id='word_1_26' title='bbox 121 699 200 763; x_wconf 89' lang='lat' dir='ltr'>lium</span> <span class='ocrx_word' id='word_1_27' title='bbox 226 699 326 763; x_wconf 91' lang='lat' dir='ltr'>Procli</span> <span class='ocrx_word' id='word_1_28' title='bbox 348 700 387 762; x_wconf 83' lang='lat' dir='ltr'>ad</span> <span class='ocrx_word' id='word_1_29' title='bbox 411 700 539 764; x_wconf 79' lang='lat' dir='ltr'>Hefiodi</span> <span class='ocrx_word' id='word_1_30' title='bbox 562 701 666 764; x_wconf 91' lang='lat' dir='ltr'>locum</span> <span class='ocrx_word' id='word_1_31' title='bbox 686 701 875 786; x_wconf 88' lang='lat' dir='ltr'>superiorem</span> <span class='ocrx_word' id='word_1_32' title='bbox 892 702 981 788; x_wconf 78' lang='grc' dir='ltr'>Ἔργ.</span> <span class='ocrx_word' id='word_1_33' title='bbox 996 705 1069 787; x_wconf 83' lang='lat'>643.</span> <span class='ocrx_word' id='word_1_34' title='bbox 1091 703 1149 787; x_wconf 59' lang='lat' dir='ltr'>Np·</span> 
     </span>
     <span class='ocr_line' id='line_1_5' title="bbox 122 801 1152 890; baseline 0.001 -25"><span class='ocrx_word' id='word_1_35' title='bbox 122 803 340 887; x_wconf 69' lang='grc' dir='ltr'>ὀλίγην-αἰνεῖν</span> <span class='ocrx_word' id='word_1_36' title='bbox 368 803 395 865; x_wconf 69' lang='grc' dir='ltr'>δέ</span> <span class='ocrx_word' id='word_1_37' title='bbox 421 830 488 877; x_wconf 81' lang='grc' dir='ltr'>τινες</span> <span class='ocrx_word' id='word_1_38' title='bbox 514 809 704 889; x_wconf 64' lang='grc' dir='ltr'>παραιτεῖιθαὴ</span> <span class='ocrx_word' id='word_1_39' title='bbox 726 801 901 889; x_wconf 69' lang='grc' dir='ltr'>σαρέλαὸιν,</span> <span class='ocrx_word' id='word_1_40' title='bbox 930 803 1019 890; x_wconf 74' lang='grc' dir='ltr'><strong>ὥσπερ</strong></span> <span class='ocrx_word' id='word_1_41' title='bbox 1046 807 1152 883; x_wconf 80' lang='grc' dir='ltr'>ἐπαινὴν</span> 
     </span>
     <span class='ocr_line' id='line_1_6' title="bbox 123 904 1151 991; baseline 0.003 -25"><span class='ocrx_word' id='word_1_42' title='bbox 123 904 336 991; x_wconf 74' lang='grc' dir='ltr'>Περσεφόναανι</span> <span class='ocrx_word' id='word_1_43' title='bbox 351 904 469 989; x_wconf 91' lang='lat' dir='ltr'>quode</span> <span class='ocrx_word' id='word_1_44' title='bbox 484 904 608 990; x_wconf 87' lang='lat' dir='ltr'>perdito</span> <span class='ocrx_word' id='word_1_45' title='bbox 624 905 784 969; x_wconf 80' lang='lat' dir='ltr'>Plutarchi</span> <span class='ocrx_word' id='word_1_46' title='bbox 796 905 1035 969; x_wconf 84' lang='lat' dir='ltr'><strong>Commentario</strong></span> <span class='ocrx_word' id='word_1_47' title='bbox 1049 905 1151 969; x_wconf 80' lang='lat' dir='ltr'>fluxit.</span> 
     </span>
     <span class='ocr_line' id='line_1_7' title="bbox 123 1005 1152 1091; baseline 0.002 -23"><span class='ocrx_word' id='word_1_48' title='bbox 123 1005 215 1069; x_wconf 87' lang='lat' dir='ltr'>Dura</span> <span class='ocrx_word' id='word_1_49' title='bbox 239 1006 282 1068; x_wconf 88' lang='lat' dir='ltr'>est</span> <span class='ocrx_word' id='word_1_50' title='bbox 310 1026 369 1069; x_wconf 86' lang='lat' dir='ltr'>nec</span> <span class='ocrx_word' id='word_1_51' title='bbox 394 1005 465 1069; x_wconf 83' lang='lat' dir='ltr'>satis</span> <span class='ocrx_word' id='word_1_52' title='bbox 488 1005 628 1091; x_wconf 84' lang='lat' dir='ltr'>cogitata</span> <span class='ocrx_word' id='word_1_53' title='bbox 651 1005 768 1069; x_wconf 83' lang='lat' dir='ltr'>Krehsri</span> <span class='ocrx_word' id='word_1_54' title='bbox 795 1005 967 1069; x_wconf 82' lang='lat' dir='ltr'>sententia:</span> <span class='ocrx_word' id='word_1_55' title='bbox 1003 1009 1028 1044; x_wconf 90' lang='lat'>“</span> <span class='ocrx_word' id='word_1_56' title='bbox 1043 1006 1152 1070; x_wconf 82' lang='lat' dir='ltr'>Caetc·</span> 
     </span>
     <span class='ocr_line' id='line_1_8' title="bbox 125 1100 1153 1192; baseline -0.001 -21"><span class='ocrx_word' id='word_1_57' title='bbox 125 1115 150 1148; x_wconf 88' lang='lat'><strong><em>“</em></strong></span> <span class='ocrx_word' id='word_1_58' title='bbox 166 1110 274 1186; x_wconf 84' lang='lat' dir='ltr'>rnm,”</span> <span class='ocrx_word' id='word_1_59' title='bbox 297 1100 412 1192; x_wconf 84' lang='lat' dir='ltr'>lnquit,</span> <span class='ocrx_word' id='word_1_60' title='bbox 437 1114 461 1146; x_wconf 89' lang='lat'><strong>“</strong></span> <span class='ocrx_word' id='word_1_61' title='bbox 473 1107 559 1192; x_wconf 93' lang='lat' dir='ltr'>quod</span> <span class='ocrx_word' id='word_1_62' title='bbox 582 1105 769 1170; x_wconf 81' lang='lat' dir='ltr'>Plutarchus</span> <span class='ocrx_word' id='word_1_63' title='bbox 783 1105 945 1171; x_wconf 72' lang='lat' dir='ltr'>sententie</span> <span class='ocrx_word' id='word_1_64' title='bbox 959 1107 1022 1170; x_wconf 83' lang='lat' dir='ltr'>suae</span> <span class='ocrx_word' id='word_1_65' title='bbox 1036 1107 1153 1170; x_wconf 61' lang='lat' dir='ltr'>confir*</span> 
     </span>
     <span class='ocr_line' id='line_1_9' title="bbox 125 1207 1153 1294; baseline 0 -23"><span class='ocrx_word' id='word_1_66' title='bbox 125 1216 151 1249; x_wconf 85' lang='lat'><strong>“</strong></span> <span class='ocrx_word' id='word_1_67' title='bbox 167 1209 292 1272; x_wconf 84' lang='lat' dir='ltr'>mandae</span> <span class='ocrx_word' id='word_1_68' title='bbox 315 1209 355 1273; x_wconf 93' lang='lat' dir='ltr'>de</span> <span class='ocrx_word' id='word_1_69' title='bbox 379 1208 605 1294; x_wconf 80' lang='lat' dir='ltr'>significatione</span> <span class='ocrx_word' id='word_1_70' title='bbox 627 1215 663 1270; x_wconf 71' lang='grc' dir='ltr'>τῦ</span> <span class='ocrx_word' id='word_1_71' title='bbox 685 1213 795 1271; x_wconf 73' lang='grc' dir='ltr'>ἐπαινᾶν</span> <span class='ocrx_word' id='word_1_72' title='bbox 818 1229 875 1294; x_wconf 91' lang='lat' dir='ltr'>pro</span> <span class='ocrx_word' id='word_1_73' title='bbox 899 1209 1031 1294; x_wconf 78' lang='lat' dir='ltr'>recusare</span> <span class='ocrx_word' id='word_1_74' title='bbox 1052 1207 1153 1287; x_wconf 84' lang='lat' dir='ltr'><strong>addit,</strong></span> 
     </span>
     <span class='ocr_line' id='line_1_10' title="bbox 126 1306 1155 1396; baseline 0 -24"><span class='ocrx_word' id='word_1_75' title='bbox 126 1318 152 1350; x_wconf 88' lang='lat'>“</span> <span class='ocrx_word' id='word_1_76' title='bbox 168 1309 363 1396; x_wconf 62' lang='grc' dir='ltr'>Περσεφόνειαν</span> <span class='ocrx_word' id='word_1_77' title='bbox 385 1309 449 1373; x_wconf 84' lang='lat' dir='ltr'>dici</span> <span class='ocrx_word' id='word_1_78' title='bbox 471 1313 577 1385; x_wconf 62' lang='grc' dir='ltr'>ἐπαινὴν</span> <span class='ocrx_word' id='word_1_79' title='bbox 601 1330 660 1394; x_wconf 87' lang='lat' dir='ltr'>pro</span> <span class='ocrx_word' id='word_1_80' title='bbox 681 1312 867 1396; x_wconf 70' lang='grc' dir='ltr'>παραιτητὴν,</span> <span class='ocrx_word' id='word_1_81' title='bbox 892 1309 924 1372; x_wconf 88' lang='lat' dir='ltr'>id</span> <span class='ocrx_word' id='word_1_82' title='bbox 948 1306 1097 1393; x_wconf 82' lang='lat' dir='ltr'>putidum</span> <span class='ocrx_word' id='word_1_83' title='bbox 1119 1307 1155 1372; x_wconf 71' lang='lat' dir='ltr'>el</span> 
     </span>
     <span class='ocr_line' id='line_1_11' title="bbox 126 1407 1153 1496; baseline -0.001 -22"><span class='ocrx_word' id='word_1_84' title='bbox 126 1418 151 1450; x_wconf 88' lang='lat'><strong>“</strong></span> <span class='ocrx_word' id='word_1_85' title='bbox 166 1411 311 1495; x_wconf 88' lang='lat' dir='ltr'>ineptum</span> <span class='ocrx_word' id='word_1_86' title='bbox 326 1411 380 1472; x_wconf 81' lang='lat' dir='ltr'>est.</span> <span class='ocrx_word' id='word_1_87' title='bbox 417 1409 498 1496; x_wconf 71' lang='lat' dir='ltr'>Quis</span> <span class='ocrx_word' id='word_1_88' title='bbox 512 1409 598 1473; x_wconf 89' lang='lat' dir='ltr'>enirn</span> <span class='ocrx_word' id='word_1_89' title='bbox 612 1413 644 1472; x_wconf 79' lang='grc' dir='ltr'>τὸ</span> <span class='ocrx_word' id='word_1_90' title='bbox 659 1414 764 1487; x_wconf 67' lang='grc' dir='ltr'>ἐπαινὴν</span> <span class='ocrx_word' id='word_1_91' title='bbox 777 1433 795 1473; x_wconf 86' lang='lat' dir='ltr'>a</span> <span class='ocrx_word' id='word_1_92' title='bbox 808 1416 848 1494; x_wconf 77' lang='grc' dir='ltr'>τῷ</span> <span class='ocrx_word' id='word_1_93' title='bbox 861 1409 932 1483; x_wconf 70' lang='grc' dir='ltr'>αἶνος</span> <span class='ocrx_word' id='word_1_94' title='bbox 946 1407 1025 1486; x_wconf 81' lang='lat' dir='ltr'>laus,</span> <span class='ocrx_word' id='word_1_95' title='bbox 1041 1424 1075 1474; x_wconf 90' lang='lat' dir='ltr'>et</span> <span class='ocrx_word' id='word_1_96' title='bbox 1088 1424 1153 1473; x_wconf 84' lang='lat' dir='ltr'>nort</span> 
     </span>
     <span class='ocr_line' id='line_1_12' title="bbox 126 1510 1153 1600; baseline 0 -24"><span class='ocrx_word' id='word_1_97' title='bbox 126 1519 153 1554; x_wconf 84' lang='lat'><strong><em>“</em></strong></span> <span class='ocrx_word' id='word_1_98' title='bbox 167 1514 272 1600; x_wconf 88' lang='lat' dir='ltr'>potius</span> <span class='ocrx_word' id='word_1_99' title='bbox 286 1513 326 1576; x_wconf 86' lang='lat' dir='ltr'>ab</span> <span class='ocrx_word' id='word_1_100' title='bbox 341 1514 408 1586; x_wconf 78' lang='grc' dir='ltr'>αἰνὸς</span> <span class='ocrx_word' id='word_1_101' title='bbox 426 1512 547 1598; x_wconf 76' lang='lat' dir='ltr'>grauis,</span> <span class='ocrx_word' id='word_1_102' title='bbox 564 1511 713 1575; x_wconf 79' lang='lat' dir='ltr'>horribilis</span> <span class='ocrx_word' id='word_1_103' title='bbox 725 1510 899 1576; x_wconf 69' lang='lat' dir='ltr'>deductum</span> <span class='ocrx_word' id='word_1_104' title='bbox 915 1525 1007 1597; x_wconf 89' lang='lat' dir='ltr'>putet</span> <span class='ocrx_word' id='word_1_105' title='bbox 1017 1512 1053 1574; x_wconf 86' lang='lat' dir='ltr'>l”</span> <span class='ocrx_word' id='word_1_106' title='bbox 1084 1512 1153 1576; x_wconf 82' lang='lat' dir='ltr'>Nc-</span> 
     </span>
     <span class='ocr_line' id='line_1_13' title="bbox 126 1612 1156 1700; baseline 0 -24"><span class='ocrx_word' id='word_1_107' title='bbox 126 1637 190 1700; x_wconf 89' lang='lat' dir='ltr'>qne</span> <span class='ocrx_word' id='word_1_108' title='bbox 214 1613 299 1678; x_wconf 89' lang='lat' dir='ltr'>enim</span> <span class='ocrx_word' id='word_1_109' title='bbox 328 1612 513 1677; x_wconf 80' lang='lat' dir='ltr'>Plutarchus</span> <span class='ocrx_word' id='word_1_110' title='bbox 542 1612 585 1676; x_wconf 82' lang='lat' dir='ltr'>ita</span> <span class='ocrx_word' id='word_1_111' title='bbox 609 1613 798 1698; x_wconf 82' lang='lat' dir='ltr'>pronunciat</span> <span class='ocrx_word' id='word_1_112' title='bbox 820 1635 839 1677; x_wconf 91' lang='lat' dir='ltr'>e</span> <span class='ocrx_word' id='word_1_113' title='bbox 861 1613 915 1677; x_wconf 84' lang='lat' dir='ltr'>sua</span> <span class='ocrx_word' id='word_1_114' title='bbox 939 1613 1014 1700; x_wconf 90' lang='lat' dir='ltr'>ipse,</span> <span class='ocrx_word' id='word_1_115' title='bbox 1039 1612 1092 1676; x_wconf 86' lang='lat' dir='ltr'>sed</span> <span class='ocrx_word' id='word_1_116' title='bbox 1116 1634 1156 1677; x_wconf 86' lang='lat' dir='ltr'>ex</span> 
     </span>
     <span class='ocr_line' id='line_1_14' title="bbox 125 1708 1156 1797; baseline -0.001 -21"><span class='ocrx_word' id='word_1_117' title='bbox 125 1711 261 1776; x_wconf 83' lang='lat' dir='ltr'>aliorum</span> <span class='ocrx_word' id='word_1_118' title='bbox 275 1710 372 1774; x_wconf 85' lang='lat' dir='ltr'>etiarn</span> <span class='ocrx_word' id='word_1_119' title='bbox 393 1708 559 1789; x_wconf 87' lang='lat' dir='ltr'>sententia,</span> <span class='ocrx_word' id='word_1_120' title='bbox 580 1709 651 1788; x_wconf 83' lang='grc' dir='ltr'>ἔνιοι,</span> <span class='ocrx_word' id='word_1_121' title='bbox 668 1710 746 1785; x_wconf 69' lang='grc' dir='ltr'>τινές.</span> <span class='ocrx_word' id='word_1_122' title='bbox 782 1714 898 1797; x_wconf 85' lang='lat' dir='ltr'>Neque</span> <span class='ocrx_word' id='word_1_123' title='bbox 920 1711 983 1775; x_wconf 91' lang='lat' dir='ltr'>hoc</span> <span class='ocrx_word' id='word_1_124' title='bbox 1005 1711 1156 1796; x_wconf 89' lang='lat' dir='ltr'>putidum</span> 
     </span>
     <span class='ocr_line' id='line_1_15' title="bbox 127 1812 1157 1898; baseline -0.001 -21"><span class='ocrx_word' id='word_1_125' title='bbox 127 1826 163 1877; x_wconf 90' lang='lat' dir='ltr'>et</span> <span class='ocrx_word' id='word_1_126' title='bbox 185 1813 331 1897; x_wconf 90' lang='lat' dir='ltr'>ineptum</span> <span class='ocrx_word' id='word_1_127' title='bbox 351 1813 405 1876; x_wconf 84' lang='lat' dir='ltr'>cll.</span> <span class='ocrx_word' id='word_1_128' title='bbox 446 1812 538 1876; x_wconf 84' lang='lat' dir='ltr'>Licet</span> <span class='ocrx_word' id='word_1_129' title='bbox 551 1812 637 1875; x_wconf 82' lang='lat' dir='ltr'>enirn</span> <span class='ocrx_word' id='word_1_130' title='bbox 651 1812 794 1898; x_wconf 81' lang='lat' dir='ltr'><strong>plerique</strong></span> <span class='ocrx_word' id='word_1_131' title='bbox 809 1812 1017 1877; x_wconf 81' lang='lat' dir='ltr'>Grammatici</span> <span class='ocrx_word' id='word_1_132' title='bbox 1032 1815 1073 1876; x_wconf 88' lang='lat' dir='ltr'>ab</span> <span class='ocrx_word' id='word_1_133' title='bbox 1086 1817 1157 1888; x_wconf 68' lang='grc' dir='ltr'>αἰνὴς</span> 
     </span>
     <span class='ocr_line' id='line_1_16' title="bbox 122 1912 1156 2001; baseline 0.002 -27"><span class='ocrx_word' id='word_1_134' title='bbox 122 1914 234 2001; x_wconf 82' lang='lat' dir='ltr'>gravis</span> <span class='ocrx_word' id='word_1_135' title='bbox 259 1912 473 1998; x_wconf 82' lang='lat' dir='ltr'>repetiverint,</span> <span class='ocrx_word' id='word_1_136' title='bbox 496 1925 602 1977; x_wconf 80' lang='lat' dir='ltr'>tamen</span> <span class='ocrx_word' id='word_1_137' title='bbox 628 1926 662 1976; x_wconf 92' lang='lat' dir='ltr'>et</span> <span class='ocrx_word' id='word_1_138' title='bbox 685 1912 865 1999; x_wconf 85' lang='lat' dir='ltr'>Hesychius</span> <span class='ocrx_word' id='word_1_139' title='bbox 890 1927 1060 1998; x_wconf 85' lang='lat' dir='ltr'>utramque</span> <span class='ocrx_word' id='word_1_140' title='bbox 1085 1935 1156 1976; x_wconf 91' lang='lat' dir='ltr'>me·</span> 
     </span>
     <span class='ocr_line' id='line_1_17' title="bbox 129 2011 1160 2100; baseline -0.001 -22"><span class='ocrx_word' id='word_1_141' title='bbox 129 2029 234 2078; x_wconf 87' lang='lat' dir='ltr'>morat</span> <span class='ocrx_word' id='word_1_142' title='bbox 255 2014 515 2100; x_wconf 82' lang='lat' dir='ltr'>fignificationem</span> <span class='ocrx_word' id='word_1_143' title='bbox 534 2014 567 2076; x_wconf 91' lang='lat' dir='ltr'>in</span> <span class='ocrx_word' id='word_1_144' title='bbox 587 2036 664 2078; x_wconf 84' lang='lat' dir='ltr'>voce</span> <span class='ocrx_word' id='word_1_145' title='bbox 682 2015 808 2091; x_wconf 79' lang='grc' dir='ltr'>Ἐπαινὴ·</span> <span class='ocrx_word' id='word_1_146' title='bbox 831 2016 962 2092; x_wconf 68' lang='grc' dir='ltr'>ἐπαινετὴ·</span> <span class='ocrx_word' id='word_1_147' title='bbox 989 2014 1004 2091; x_wconf 81' lang='grc' dir='ltr'>ὴ</span> <span class='ocrx_word' id='word_1_148' title='bbox 1027 2019 1091 2092; x_wconf 74' lang='grc' dir='ltr'>δεινὴ</span> <span class='ocrx_word' id='word_1_149' title='bbox 1112 2011 1160 2092; x_wconf 68' lang='grc' dir='ltr'>καὶ</span> 
     </span>
     <span class='ocr_line' id='line_1_18' title="bbox 125 2113 1159 2203; baseline 0.002 -25"><span class='ocrx_word' id='word_1_150' title='bbox 125 2114 240 2203; x_wconf 69' lang='grc' dir='ltr'>φοὲεςά.</span> <span class='ocrx_word' id='word_1_151' title='bbox 274 2115 401 2179; x_wconf 87' lang='lat' dir='ltr'>Deinde</span> <span class='ocrx_word' id='word_1_152' title='bbox 415 2115 485 2187; x_wconf 71' lang='grc' dir='ltr'>αἶνος</span> <span class='ocrx_word' id='word_1_153' title='bbox 506 2128 539 2179; x_wconf 88' lang='lat' dir='ltr'>et</span> <span class='ocrx_word' id='word_1_154' title='bbox 555 2118 625 2189; x_wconf 76' lang='grc' dir='ltr'>αἰνὸς</span> <span class='ocrx_word' id='word_1_155' title='bbox 647 2114 719 2180; x_wconf 90' lang='lat' dir='ltr'>sunt</span> <span class='ocrx_word' id='word_1_156' title='bbox 735 2113 906 2200; x_wconf 74' lang='lat' dir='ltr'>conjuncta</span> <span class='ocrx_word' id='word_1_157' title='bbox 925 2132 959 2179; x_wconf 91' lang='lat' dir='ltr'>et</span> <span class='ocrx_word' id='word_1_158' title='bbox 979 2115 1103 2202; x_wconf 85' lang='lat' dir='ltr'>origine</span> <span class='ocrx_word' id='word_1_159' title='bbox 1124 2128 1159 2180; x_wconf 90' lang='lat' dir='ltr'>et</span> 
     </span>
     <span class='ocr_line' id='line_1_19' title="bbox 126 2215 1158 2305; baseline 0 -25"><span class='ocrx_word' id='word_1_160' title='bbox 126 2215 374 2303; x_wconf 78' lang='lat' dir='ltr'>significatione3</span> <span class='ocrx_word' id='word_1_161' title='bbox 397 2229 434 2279; x_wconf 92' lang='lat' dir='ltr'>ut</span> <span class='ocrx_word' id='word_1_162' title='bbox 455 2230 549 2281; x_wconf 84' lang='lat' dir='ltr'>acute</span> <span class='ocrx_word' id='word_1_163' title='bbox 571 2215 682 2279; x_wconf 90' lang='lat' dir='ltr'>docuit</span> <span class='ocrx_word' id='word_1_164' title='bbox 706 2218 737 2280; x_wconf 88' lang='lat' dir='ltr'>J.</span> <span class='ocrx_word' id='word_1_165' title='bbox 760 2217 846 2280; x_wconf 84' lang='lat' dir='ltr'>Dan.</span> <span class='ocrx_word' id='word_1_166' title='bbox 871 2215 1052 2302; x_wconf 87' lang='lat' dir='ltr'>Lcnnepius</span> <span class='ocrx_word' id='word_1_167' title='bbox 1076 2218 1158 2305; x_wconf 89' lang='lat' dir='ltr'>Ety-</span> 
     </span>
     <span class='ocr_line' id='line_1_20' title="bbox 129 2317 1159 2404; baseline -0.001 -23"><span class='ocrx_word' id='word_1_168' title='bbox 129 2318 208 2382; x_wconf 89' lang='lat' dir='ltr'>rnol.</span> <span class='ocrx_word' id='word_1_169' title='bbox 225 2320 283 2381; x_wconf 91' lang='lat' dir='ltr'>Gr.</span> <span class='ocrx_word' id='word_1_170' title='bbox 299 2320 337 2381; x_wconf 88' lang='lat' dir='ltr'>L.</span> <span class='ocrx_word' id='word_1_171' title='bbox 361 2340 393 2402; x_wconf 92' lang='lat' dir='ltr'>p.</span> <span class='ocrx_word' id='word_1_172' title='bbox 411 2333 462 2400; x_wconf 87' lang='lat'>75.</span> <span class='ocrx_word' id='word_1_173' title='bbox 498 2320 581 2382; x_wconf 85' lang='lat' dir='ltr'>Turn</span> <span class='ocrx_word' id='word_1_174' title='bbox 596 2317 709 2383; x_wconf 81' lang='lat' dir='ltr'>eedem</span> <span class='ocrx_word' id='word_1_175' title='bbox 732 2317 912 2404; x_wconf 85' lang='lat' dir='ltr'>Proserpina</span> <span class='ocrx_word' id='word_1_176' title='bbox 931 2317 1048 2382; x_wconf 90' lang='lat' dir='ltr'>dicitur</span> <span class='ocrx_word' id='word_1_177' title='bbox 1064 2321 1159 2401; x_wconf 79' lang='grc' dir='ltr'>ἀγαυὴ</span> 
     </span>
     <span class='ocr_line' id='line_1_21' title="bbox 127 2416 1160 2504; baseline -0.001 -23"><span class='ocrx_word' id='word_1_178' title='bbox 127 2417 194 2481; x_wconf 82' lang='lat' dir='ltr'>Od.</span> <span class='ocrx_word' id='word_1_179' title='bbox 207 2421 247 2480; x_wconf 90' lang='grc' dir='ltr'>Λ.</span> <span class='ocrx_word' id='word_1_180' title='bbox 260 2436 332 2482; x_wconf 82' lang='lat'>212.</span> <span class='ocrx_word' id='word_1_181' title='bbox 344 2432 415 2499; x_wconf 85' lang='lat'><strong>225.</strong></span> <span class='ocrx_word' id='word_1_182' title='bbox 426 2419 501 2500; x_wconf 85' lang='lat'>634.</span> <span class='ocrx_word' id='word_1_183' title='bbox 511 2416 686 2504; x_wconf 78' lang='lat' dir='ltr'>splendida,</span> <span class='ocrx_word' id='word_1_184' title='bbox 702 2417 895 2496; x_wconf 86' lang='lat' dir='ltr'>admiranda,</span> <span class='ocrx_word' id='word_1_185' title='bbox 910 2418 951 2482; x_wconf 86' lang='lat' dir='ltr'>ab</span> <span class='ocrx_word' id='word_1_186' title='bbox 964 2416 1060 2502; x_wconf 79' lang='grc' dir='ltr'>ἀγᾶα,</span> <span class='ocrx_word' id='word_1_187' title='bbox 1073 2416 1160 2482; x_wconf 78' lang='lat' dir='ltr'>unde</span> 
     </span>
     <span class='ocr_line' id='line_1_22' title="bbox 127 2516 1160 2605; baseline -0.002 -21"><span class='ocrx_word' id='word_1_188' title='bbox 127 2533 164 2584; x_wconf 86' lang='lat' dir='ltr'>et</span> <span class='ocrx_word' id='word_1_189' title='bbox 189 2518 366 2595; x_wconf 75' lang='lat' dir='ltr'>invidenda,</span> <span class='ocrx_word' id='word_1_190' title='bbox 392 2531 425 2581; x_wconf 90' lang='lat' dir='ltr'>et</span> <span class='ocrx_word' id='word_1_191' title='bbox 451 2517 524 2580; x_wconf 82' lang='lat' dir='ltr'>lenis</span> <span class='ocrx_word' id='word_1_192' title='bbox 546 2540 582 2581; x_wconf 87' lang='lat' dir='ltr'>uc</span> <span class='ocrx_word' id='word_1_193' title='bbox 603 2519 727 2604; x_wconf 77' lang='lat' dir='ltr'>placida</span> <span class='ocrx_word' id='word_1_194' title='bbox 746 2524 850 2604; x_wconf 80' lang='grc' dir='ltr'>ἀγανὴ,</span> <span class='ocrx_word' id='word_1_195' title='bbox 873 2519 1088 2605; x_wconf 82' lang='lat' dir='ltr'>intelligatur:</span> <span class='ocrx_word' id='word_1_196' title='bbox 1119 2516 1160 2583; x_wconf 90' lang='lat' dir='ltr'>de</span> 
     </span>
     <span class='ocr_line' id='line_1_23' title="bbox 128 2618 1159 2707; baseline 0.002 -23"><span class='ocrx_word' id='word_1_197' title='bbox 128 2642 266 2706; x_wconf 87' lang='lat' dir='ltr'>quorum</span> <span class='ocrx_word' id='word_1_198' title='bbox 290 2618 345 2682; x_wconf 91' lang='lat' dir='ltr'>illo</span> <span class='ocrx_word' id='word_1_199' title='bbox 368 2618 578 2683; x_wconf 87' lang='lat' dir='ltr'>consulendus</span> <span class='ocrx_word' id='word_1_200' title='bbox 597 2622 641 2684; x_wconf 86' lang='lat' dir='ltr'>est</span> <span class='ocrx_word' id='word_1_201' title='bbox 661 2620 748 2684; x_wconf 88' lang='lat' dir='ltr'>idem</span> <span class='ocrx_word' id='word_1_202' title='bbox 773 2624 851 2685; x_wconf 86' lang='lat' dir='ltr'>Lex.</span> <span class='ocrx_word' id='word_1_203' title='bbox 875 2622 1017 2707; x_wconf 80' lang='lat' dir='ltr'>Etymol.</span> <span class='ocrx_word' id='word_1_204' title='bbox 1043 2644 1078 2707; x_wconf 88' lang='lat' dir='ltr'>p.</span> <span class='ocrx_word' id='word_1_205' title='bbox 1099 2640 1159 2689; x_wconf 82' lang='lat'>22:</span> 
     </span>
     <span class='ocr_line' id='line_1_24' title="bbox 129 2720 1160 2801; baseline 0.002 -15"><span class='ocrx_word' id='word_1_206' title='bbox 129 2723 180 2786; x_wconf 80' lang='lat' dir='ltr'>vel</span> <span class='ocrx_word' id='word_1_207' title='bbox 201 2720 367 2785; x_wconf 81' lang='lat' dir='ltr'>illaetabilis</span> <span class='ocrx_word' id='word_1_208' title='bbox 391 2735 447 2784; x_wconf 85' lang='lat' dir='ltr'>aut</span> <span class='ocrx_word' id='word_1_209' title='bbox 468 2721 560 2784; x_wconf 78' lang='lat' dir='ltr'>valde</span> <span class='ocrx_word' id='word_1_210' title='bbox 582 2721 736 2801; x_wconf 82' lang='lat' dir='ltr'>laetabilis,</span> <span class='ocrx_word' id='word_1_211' title='bbox 759 2725 799 2788; x_wconf 88' lang='lat' dir='ltr'>ab</span> <span class='ocrx_word' id='word_1_212' title='bbox 816 2730 836 2786; x_wconf 81' lang='grc' dir='ltr'>ἀ</span> <span class='ocrx_word' id='word_1_213' title='bbox 856 2722 1005 2787; x_wconf 80' lang='lat' dir='ltr'>intensivo</span> <span class='ocrx_word' id='word_1_214' title='bbox 1027 2741 1083 2788; x_wconf 86' lang='lat' dir='ltr'>aut</span> <span class='ocrx_word' id='word_1_215' title='bbox 1102 2745 1160 2788; x_wconf 88' lang='lat' dir='ltr'>ne·</span> 
     </span>
     <span class='ocr_line' id='line_1_25' title="bbox 130 2823 1161 2912; baseline 0.001 -25"><span class='ocrx_word' id='word_1_216' title='bbox 130 2838 241 2910; x_wconf 74' lang='lat' dir='ltr'>gente,</span> <span class='ocrx_word' id='word_1_217' title='bbox 261 2837 295 2886; x_wconf 90' lang='lat' dir='ltr'>et</span> <span class='ocrx_word' id='word_1_218' title='bbox 316 2823 397 2906; x_wconf 77' lang='grc' dir='ltr'>γαύω</span> <span class='ocrx_word' id='word_1_219' title='bbox 416 2823 555 2907; x_wconf 73' lang='lat' dir='ltr'>gaudeo:</span> <span class='ocrx_word' id='word_1_220' title='bbox 579 2823 756 2910; x_wconf 86' lang='lat' dir='ltr'>cujusmodi</span> <span class='ocrx_word' id='word_1_221' title='bbox 779 2826 822 2888; x_wconf 90' lang='lat' dir='ltr'>est</span> <span class='ocrx_word' id='word_1_222' title='bbox 843 2824 928 2910; x_wconf 83' lang='lat' dir='ltr'>apud</span> <span class='ocrx_word' id='word_1_223' title='bbox 947 2824 1089 2912; x_wconf 84' lang='lat' dir='ltr'>Etymol.</span> <span class='ocrx_word' id='word_1_224' title='bbox 1110 2825 1161 2889; x_wconf 88' lang='lat' dir='ltr'>M.</span> 
     </span>
     <span class='ocr_line' id='line_1_26' title="bbox 130 2919 1161 3012; baseline -0.003 -22"><span class='ocrx_word' id='word_1_225' title='bbox 130 2948 165 3012; x_wconf 89' lang='lat' dir='ltr'>p.</span> <span class='ocrx_word' id='word_1_226' title='bbox 186 2928 238 2990; x_wconf 46' lang='grc' dir='ltr'>6.ι</span> <span class='ocrx_word' id='word_1_227' title='bbox 264 2924 413 3010; x_wconf 88' lang='lat' dir='ltr'>Denique</span> <span class='ocrx_word' id='word_1_228' title='bbox 442 2925 547 2987; x_wconf 74' lang='lat' dir='ltr'>similis</span> <span class='ocrx_word' id='word_1_229' title='bbox 574 2919 812 3008; x_wconf 84' lang='lat' dir='ltr'>euphemismus</span> <span class='ocrx_word' id='word_1_230' title='bbox 837 2925 919 2989; x_wconf 90' lang='lat' dir='ltr'>valet</span> <span class='ocrx_word' id='word_1_231' title='bbox 948 2925 979 2988; x_wconf 91' lang='lat' dir='ltr'>in</span> <span class='ocrx_word' id='word_1_232' title='bbox 1006 2925 1161 3008; x_wconf 65' lang='grc' dir='ltr'>Εὐμενὴις,</span> 
     </span>
     <span class='ocr_line' id='line_1_27' title="bbox 132 3027 1163 3107; baseline 0.003 -18"><span class='ocrx_word' id='word_1_233' title='bbox 132 3027 323 3105; x_wconf 77' lang='lat' dir='ltr'>Eumenides,</span> <span class='ocrx_word' id='word_1_234' title='bbox 354 3027 515 3090; x_wconf 77' lang='lat' dir='ltr'>Furiarum</span> <span class='ocrx_word' id='word_1_235' title='bbox 540 3028 681 3091; x_wconf 87' lang='lat' dir='ltr'>nomine.</span> <span class='ocrx_word' id='word_1_236' title='bbox 727 3029 835 3107; x_wconf 87' lang='lat' dir='ltr'>Certe,</span> <span class='ocrx_word' id='word_1_237' title='bbox 861 3029 893 3091; x_wconf 94' lang='lat' dir='ltr'>in</span> <span class='ocrx_word' id='word_1_238' title='bbox 922 3041 989 3091; x_wconf 83' lang='lat' dir='ltr'>tam</span> <span class='ocrx_word' id='word_1_239' title='bbox 1015 3029 1098 3092; x_wconf 83' lang='lat' dir='ltr'>varin</span> <span class='ocrx_word' id='word_1_240' title='bbox 1124 3049 1163 3092; x_wconf 85' lang='lat' dir='ltr'>ac</span> 
     </span>
     <span class='ocr_line' id='line_1_28' title="bbox 131 3129 1164 3216; baseline 0 -22"><span class='ocrx_word' id='word_1_241' title='bbox 131 3130 303 3216; x_wconf 87' lang='lat' dir='ltr'>multiplici</span> <span class='ocrx_word' id='word_1_242' title='bbox 317 3130 598 3215; x_wconf 84' lang='lat' dir='ltr'>antiquiffimorum</span> <span class='ocrx_word' id='word_1_243' title='bbox 615 3129 782 3193; x_wconf 89' lang='lat' dir='ltr'>nominum</span> <span class='ocrx_word' id='word_1_244' title='bbox 802 3129 1038 3216; x_wconf 78' lang='lat' dir='ltr'>significatione,</span> <span class='ocrx_word' id='word_1_245' title='bbox 1058 3152 1076 3193; x_wconf 91' lang='lat' dir='ltr'>e</span> <span class='ocrx_word' id='word_1_246' title='bbox 1098 3150 1164 3215; x_wconf 93' lang='lat' dir='ltr'>quo</span> 
     </span>
     <span class='ocr_line' id='line_1_29' title="bbox 132 3230 1163 3320; baseline -0.002 -24"><span class='ocrx_word' id='word_1_247' title='bbox 132 3255 250 3320; x_wconf 84' lang='lat' dir='ltr'>genere</span> <span class='ocrx_word' id='word_1_248' title='bbox 271 3233 341 3295; x_wconf 89' lang='lat' dir='ltr'>sunt</span> <span class='ocrx_word' id='word_1_249' title='bbox 366 3234 509 3296; x_wconf 82' lang='lat' dir='ltr'>Deorum</span> <span class='ocrx_word' id='word_1_250' title='bbox 533 3231 673 3310; x_wconf 87' lang='lat' dir='ltr'>nomina,</span> <span class='ocrx_word' id='word_1_251' title='bbox 698 3231 828 3294; x_wconf 88' lang='lat' dir='ltr'>tirmiter</span> <span class='ocrx_word' id='word_1_252' title='bbox 848 3230 1090 3316; x_wconf 84' lang='lat' dir='ltr'>quidstntuere,</span> <span class='ocrx_word' id='word_1_253' title='bbox 1112 3230 1163 3294; x_wconf 91' lang='lat' dir='ltr'>in·</span> 
     </span>
     <span class='ocr_line' id='line_1_30' title="bbox 132 3331 1164 3420; baseline 0 -23"><span class='ocrx_word' id='word_1_254' title='bbox 132 3351 245 3420; x_wconf 90' lang='lat' dir='ltr'>eptum</span> <span class='ocrx_word' id='word_1_255' title='bbox 266 3357 303 3397; x_wconf 88' lang='lat' dir='ltr'>ac</span> <span class='ocrx_word' id='word_1_256' title='bbox 323 3356 438 3397; x_wconf 88' lang='lat' dir='ltr'>vanum</span> <span class='ocrx_word' id='word_1_257' title='bbox 455 3332 501 3395; x_wconf 79' lang='lat' dir='ltr'>sit.</span> <span class='ocrx_word' id='word_1_258' title='bbox 538 3332 759 3396; x_wconf 87' lang='lat' dir='ltr'>Conl&#39;erendus</span> <span class='ocrx_word' id='word_1_259' title='bbox 774 3331 814 3396; x_wconf 93' lang='lat' dir='ltr'>de</span> <span class='ocrx_word' id='word_1_260' title='bbox 828 3331 942 3395; x_wconf 90' lang='lat' dir='ltr'>eodem</span> <span class='ocrx_word' id='word_1_261' title='bbox 958 3331 1164 3417; x_wconf 85' lang='lat' dir='ltr'>cognomine,</span> 
     </span>
     <span class='ocr_line' id='line_1_31' title="bbox 132 3433 1167 3521; baseline -0.002 -21"><span class='ocrx_word' id='word_1_262' title='bbox 132 3435 309 3521; x_wconf 83' lang='lat' dir='ltr'>cademque</span> <span class='ocrx_word' id='word_1_263' title='bbox 324 3434 554 3510; x_wconf 84' lang='lat' dir='ltr'>admonitione,</span> <span class='ocrx_word' id='word_1_264' title='bbox 569 3434 615 3496; x_wconf 76' lang='lat' dir='ltr'>vir</span> <span class='ocrx_word' id='word_1_265' title='bbox 633 3456 780 3520; x_wconf 71' lang='lat' dir='ltr'>magnuS,</span> <span class='ocrx_word' id='word_1_266' title='bbox 802 3454 862 3496; x_wconf 91' lang='lat' dir='ltr'>nec</span> <span class='ocrx_word' id='word_1_267' title='bbox 887 3433 1012 3497; x_wconf 88' lang='lat' dir='ltr'>Krebfin</span> <span class='ocrx_word' id='word_1_268' title='bbox 1035 3434 1065 3496; x_wconf 91' lang='lat' dir='ltr'>in</span> <span class='ocrx_word' id='word_1_269' title='bbox 1089 3448 1167 3503; x_wconf 71' lang='lat' dir='ltr'>noto</span> 
     </span>
     <span class='ocr_line' id='line_1_32' title="bbox 134 3533 1165 3620; baseline -0.002 -18"><span class='ocrx_word' id='word_1_270' title='bbox 134 3539 175 3602; x_wconf 78' lang='lat' dir='ltr'>ud</span> <span class='ocrx_word' id='word_1_271' title='bbox 199 3538 284 3602; x_wconf 91' lang='lat' dir='ltr'>hunc</span> <span class='ocrx_word' id='word_1_272' title='bbox 308 3535 415 3601; x_wconf 93' lang='lat' dir='ltr'>locum</span> <span class='ocrx_word' id='word_1_273' title='bbox 436 3535 669 3620; x_wconf 66' lang='lat' dir='ltr'>praetermiss&#39;us,</span> <span class='ocrx_word' id='word_1_274' title='bbox 684 3536 756 3599; x_wconf 87' lang='lat' dir='ltr'>Tib.</span> <span class='ocrx_word' id='word_1_275' title='bbox 772 3533 1025 3598; x_wconf 85' lang='lat' dir='ltr'>Hcmsterhufius</span> <span class='ocrx_word' id='word_1_276' title='bbox 1039 3533 1079 3599; x_wconf 80' lang='lat' dir='ltr'>ad</span> <span class='ocrx_word' id='word_1_277' title='bbox 1098 3536 1165 3600; x_wconf 84' lang='lat' dir='ltr'>Lu·</span> 
     </span>
     <span class='ocr_line' id='line_1_33' title="bbox 136 3639 510 3722; baseline -0.011 -20"><span class='ocrx_word' id='word_1_278' title='bbox 136 3640 265 3702; x_wconf 79' lang='lat' dir='ltr'>cinnum</span> <span class='ocrx_word' id='word_1_279' title='bbox 284 3640 323 3702; x_wconf 83' lang='lat' dir='ltr'>T.</span> <span class='ocrx_word' id='word_1_280' title='bbox 341 3641 366 3700; x_wconf 93' lang='lat' dir='ltr'>l.</span> <span class='ocrx_word' id='word_1_281' title='bbox 391 3657 424 3721; x_wconf 93' lang='lat' dir='ltr'>p.</span> <span class='ocrx_word' id='word_1_282' title='bbox 436 3639 510 3722; x_wconf 88' lang='lat'><strong>469.</strong></span> 
     </span>
    </p>

    <p class='ocr_par' dir='ltr' id='par_1_3' title="bbox 133 3732 1171 4328">
     <span class='ocr_line' id='line_1_34' title="bbox 181 3732 1167 3824; baseline 0.001 -22"><span class='ocrx_word' id='word_1_283' title='bbox 181 3759 232 3823; x_wconf 81' lang='lat'>23.</span> <span class='ocrx_word' id='word_1_284' title='bbox 248 3741 290 3802; x_wconf 83' lang='lat' dir='ltr'>A.</span> <span class='ocrx_word' id='word_1_285' title='bbox 314 3737 380 3801; x_wconf 80' lang='lat' dir='ltr'>Olor</span> <span class='ocrx_word' id='word_1_286' title='bbox 394 3739 526 3822; x_wconf 71' lang='grc' dir='ltr'>εὖθὺς-]</span> <span class='ocrx_word' id='word_1_287' title='bbox 559 3732 666 3814; x_wconf 74' lang='lat' dir='ltr'>Veluti,</span> <span class='ocrx_word' id='word_1_288' title='bbox 682 3735 804 3824; x_wconf 78' lang='lat' dir='ltr'>exempli</span> <span class='ocrx_word' id='word_1_289' title='bbox 818 3737 927 3823; x_wconf 72' lang='lat' dir='ltr'>cazfft.</span> <span class='ocrx_word' id='word_1_290' title='bbox 952 3735 1036 3802; x_wconf 72' lang='lat' dir='ltr'>Vrde</span> <span class='ocrx_word' id='word_1_291' title='bbox 1051 3736 1167 3803; x_wconf 82' lang='lat' dir='ltr'>Anim-</span> 
     </span>
     <span class='ocr_line' id='line_1_35' title="bbox 137 3840 1161 3925; baseline -0.003 -21"><span class='ocrx_word' id='word_1_292' title='bbox 137 3840 258 3925; x_wconf 58' lang='lat' dir='ltr'>adep.</span> <span class='ocrx_word' id='word_1_293' title='bbox 272 3860 324 3904; x_wconf 73' lang='grc' dir='ltr'>ιο.</span> <span class='ocrx_word' id='word_1_294' title='bbox 337 3840 375 3901; x_wconf 90' lang='grc' dir='ltr'>Ε.</span> <span class='ocrx_word' id='word_1_295' title='bbox 1088 3852 1092 3861; x_wconf 87' lang='grc'><strong>’</strong></span> <span class='ocrx_word' id='word_1_296' title='bbox 1156 3862 1161 3875; x_wconf 91' lang='grc'><em>·</em></span> 
     </span>
     <span class='ocr_line' id='line_1_36' title="bbox 133 3936 1170 4027; baseline -0.002 -21"><span class='ocrx_word' id='word_1_297' title='bbox 133 3971 137 3976; x_wconf 64' lang='grc'><strong>’</strong></span> <span class='ocrx_word' id='word_1_298' title='bbox 182 3961 233 4025; x_wconf 83' lang='lat'>23.</span> <span class='ocrx_word' id='word_1_299' title='bbox 251 3942 293 4003; x_wconf 82' lang='grc' dir='ltr'>Α.</span> <span class='ocrx_word' id='word_1_300' title='bbox 329 3938 642 4027; x_wconf 68' lang='grc' dir='ltr'>Ἀςχῖλιχος-Κλῦθι</span> <span class='ocrx_word' id='word_1_301' title='bbox 664 3936 790 4023; x_wconf 73' lang='grc' dir='ltr'>ἅναξ--ὴ</span> <span class='ocrx_word' id='word_1_302' title='bbox 826 3937 884 4002; x_wconf 88' lang='lat' dir='ltr'>Nil</span> <span class='ocrx_word' id='word_1_303' title='bbox 909 3940 952 4003; x_wconf 87' lang='lat' dir='ltr'>est</span> <span class='ocrx_word' id='word_1_304' title='bbox 977 3939 1009 4003; x_wconf 89' lang='lat' dir='ltr'>in</span> <span class='ocrx_word' id='word_1_305' title='bbox 1032 3938 1170 4025; x_wconf 68' lang='lat' dir='ltr'>antiquis</span> 
     </span>
     <span class='ocr_line' id='line_1_37' title="bbox 136 4028 1171 4127; baseline 0.001 -21"><span class='ocrx_word' id='word_1_306' title='bbox 136 4041 302 4106; x_wconf 83' lang='lat' dir='ltr'>codicibus</span> <span class='ocrx_word' id='word_1_307' title='bbox 332 4040 498 4103; x_wconf 80' lang='lat' dir='ltr'>rnrictntis.</span> <span class='ocrx_word' id='word_1_308' title='bbox 558 4038 689 4102; x_wconf 92' lang='lat' dir='ltr'>Grotius</span> <span class='ocrx_word' id='word_1_309' title='bbox 717 4037 805 4103; x_wconf 85' lang='lat' dir='ltr'>dedit</span> <span class='ocrx_word' id='word_1_310' title='bbox 827 4028 918 4102; x_wconf 68' lang='grc' dir='ltr'>Κλῦθ1</span> <span class='ocrx_word' id='word_1_311' title='bbox 940 4037 1054 4115; x_wconf 77' lang='grc' dir='ltr'>ἄναξ-</span> <span class='ocrx_word' id='word_1_312' title='bbox 1074 4048 1171 4127; x_wconf 63' lang='lat' dir='ltr'>atque</span> 
     </span>
     <span class='ocr_line' id='line_1_38' title="bbox 135 4138 1171 4209; baseline 0 -2"><span class='ocrx_word' id='word_1_313' title='bbox 135 4145 184 4209; x_wconf 81' lang='lat' dir='ltr'>itu</span> <span class='ocrx_word' id='word_1_314' title='bbox 203 4143 235 4205; x_wconf 93' lang='lat' dir='ltr'>in</span> <span class='ocrx_word' id='word_1_315' title='bbox 254 4141 335 4205; x_wconf 91' lang='lat' dir='ltr'>duos</span> <span class='ocrx_word' id='word_1_316' title='bbox 357 4154 559 4204; x_wconf 86' lang='lat' dir='ltr'>tetrametros</span> <span class='ocrx_word' id='word_1_317' title='bbox 577 4139 727 4204; x_wconf 81' lang='lat' dir='ltr'>distinxit.</span> <span class='ocrx_word' id='word_1_318' title='bbox 772 4143 820 4205; x_wconf 85' lang='lat' dir='ltr'>Ex</span> <span class='ocrx_word' id='word_1_319' title='bbox 841 4139 903 4204; x_wconf 94' lang='lat' dir='ltr'>hoc</span> <span class='ocrx_word' id='word_1_320' title='bbox 921 4138 1081 4204; x_wconf 79' lang='lat' dir='ltr'>Plutarchi</span> <span class='ocrx_word' id='word_1_321' title='bbox 1098 4141 1171 4207; x_wconf 87' lang='lat' dir='ltr'>loco</span> 
     </span>
     <span class='ocr_line' id='line_1_39' title="bbox 140 4237 1171 4328; baseline 0.001 -23"><span class='ocrx_word' id='word_1_322' title='bbox 140 4242 320 4320; x_wconf 79' lang='lat' dir='ltr'>retulerunt</span> <span class='ocrx_word' id='word_1_323' title='bbox 334 4239 366 4304; x_wconf 92' lang='lat' dir='ltr'>in</span> <span class='ocrx_word' id='word_1_324' title='bbox 382 4238 570 4308; x_wconf 86' lang='lat' dir='ltr'>Archilochi</span> <span class='ocrx_word' id='word_1_325' title='bbox 590 4238 787 4327; x_wconf 84' lang='lat' dir='ltr'>Fmgmentis</span> <span class='ocrx_word' id='word_1_326' title='bbox 812 4241 844 4304; x_wconf 92' lang='lat' dir='ltr'>P.</span> <span class='ocrx_word' id='word_1_327' title='bbox 862 4238 1042 4326; x_wconf 81' lang='lat' dir='ltr'>Stephanus</span> <span class='ocrx_word' id='word_1_328' title='bbox 1057 4237 1171 4328; x_wconf 85' lang='lat' dir='ltr'>ln-Ly·</span> 
     </span>
    </p>
   </div>
   <div class='ocr_carea' id='block_1_3' title="bbox 0 0 1372 4762">
    <p class='ocr_par' dir='ltr' id='par_1_4' title="bbox 0 0 1372 4762">
     <span class='ocr_line' id='line_1_40' title="bbox 0 0 1372 4762; baseline 0 0"><span class='ocrx_word' id='word_1_329' title='bbox 0 0 1372 4762; x_wconf 95' lang='lat' dir='ltr'> </span> 
     </span>
    </p>
   </div>
  </div>
 </body>
</html>
