2684 4762
236 320 295 381 868
378 319 418 379 D.
429 319 481 378 W.
501 318 709 379 ANIMADV.
729 317 777 377 IN
797 314 1034 379 mmmmm
1053 316 1144 377 Lm.
1238 330 1247 339 '

236 479 347 546 lauder
361 481 624 546 mathematicum
640 480 765 567 accepit
778 481 864 567 prius
878 480 915 544 dr
929 477 1203 566 irfinitificlr'one
1215 498 1283 565 pro-

237 583 343 647 blema
370 582 585 661 decantatum,
614 607 655 645 an
681 597 782 670 corpus
812 604 929 660 revera,
957 591 993 644 ut
1019 578 1125 661 linco,
1157 577 1289 666 irfinila
1319 648 1324 655 ,

228 683 367 770 sessionis
382 699 477 771 capax
485 685 541 768 fit.
581 681 666 747 Mihi
680 682 881 748 dialedticum
900 681 1051 746 videtur:
1077 682 1213 769 prime,
1236 703 1289 769 per

237 783 335 870 ipsum
350 785 445 870 hujus
461 786 522 849 loci
538 784 817 849 constmdtionem:
834 782 949 849 deiude
962 783 1042 869 quia
1055 783 1142 848 haec
1156 784 1295 871 quaesiio

237 886 270 950 in
286 887 457 952 dialecticis
474 886 641 972 Chrysippi
659 885 779 970 scriptis
793 885 971 950 recensetur
983 884 1081 969 apud
1093 886 1289 973 Diogenem

238 988 401 1052 hortium
411 988 488 1051 VII.
502 1005 577 1073 197:
594 986 741 1063 Ἀπόδειξις
753 987 819 1074 πρὸς
831 989 862 1049 τὸ
875 989 913 1066 μὴ
926 987 977 1049 δεῖν
988 983 1106 1067 τέμνειν
1120 990 1166 1051 τὰ
1175 987 1290 1070 ddptfu,

239 1089 270 1151 oi.
306 1090 381 1171 Πρδς
394 1092 432 1149 τοὶ
446 1086 620 1172 ἀντειρημένα
639 1091 694 1160 τοῖς
712 1092 788 1150 κατὰ
807 1092 854 1162 τῆς
874 1092 957 1168 τομῆς
972 1094 1030 1163 τῶν
1048 1086 1196 1174 ἆοςῖςων,
1216 1089 1289 1175 ugit

239 1189 386 1253 Πάσυλον.
422 1191 508 1274 Ergo
532 1187 594 1250 sirit
617 1186 745 1272 quaeslio
760 1185 1010 1251 Dialediicorum
1034 1185 1289 1253 dissensionibus

239 1291 370 1375 agitata.
406 1287 528 1375 Ἀόςιςοι
541 1288 652 1370 ἀξίωμα
666 1287 851 1352 describitur
864 1288 995 1368 ibidem,
1011 1291 1070 1376 69.
1088 1305 1131 1356 et
1148 1307 1207 1375 70.
1230 1314 1287 1357 cu·

232 1389 288 1478 jus
309 1388 484 1476 subjedtum
502 1410 617 1474 vagum
633 1389 687 1467 est,
711 1387 807 1453 ueluti
826 1390 868 1463 τὶς
887 1396 1051 1474 περιπατεῖ,
1066 1390 1190 1462 iuis&
1204 1396 1287 1457 ami·

237 1505 302 1568 τοςε
331 1489 512 1554 conseratur
525 1501 558 1552 et
573 1488 625 1553 82.
645 1490 703 1573 198
719 1514 727 1553 ι
751 1511 846 1576 porro
860 1510 941 1576 opus
955 1489 1141 1578 Chrysippi
1156 1516 1287 1561 memo·

238 1603 337 1668 ratur,
355 1609 425 1674 190.
448 1590 518 1672 Περὶ
536 1593 588 1651 τῶν
602 1587 715 1675 &opimo
728 1591 892 1673 ἀξιωμάτων
905 1591 969 1675 πρὸς
983 1589 1098 1671 Δίωνα,
1125 1592 1171 1673 α’,
1186 1594 1232 1674 β’,
1245 1593 1286 1679 γ’.

117 1715 127 1738 ·
239 1693 309 1778 Περὶ
323 1696 370 1767 τῆς
384 1693 509 1777 διαφορᾶς
523 1699 576 1754 τῶν
589 1691 716 1776 scopis-or,
728 1690 769 1771 α’,
782 1690 824 1771 β’,
834 1691 877 1777 γ’,
892 1689 925 1754 δ.
946 1693 1053 1778 priooe
1073 1693 1160 1761 loco
1174 1696 1286 1763 visiose

238 1794 386 1880 vulgatur
407 1791 506 1876 ἁρῖςιοι
515 1817 526 1873 ;
549 1792 636 1878 quod
657 1792 813 1880 interpres
835 1795 919 1858 bona
933 1793 994 1857 side
1008 1794 1163 1863 reddidit
1176 1799 1217 1861 de
1231 1813 1282 1887 op-

239 1897 317 1959 timis
337 1894 504 1982 proloquiis.
539 1898 629 1974 Τομῆ,
642 1894 747 1979 scclio,
763 1893 825 1960 hoc
843 1896 875 1959 in
894 1910 1090 1980 argumento
1112 1899 1163 1963 est
1176 1900 1282 1987 divrfio

238 1995 345 2083 logica,
371 1996 449 2060 item
470 1993 612 2079 distinato
631 2017 661 2057 v.
673 2014 702 2057 c.
725 1994 756 2057 in
776 1994 871 2059 titulo
894 1993 966 2058 libri
985 1993 1189 2084 Chrysippei
1208 2002 1283 2086 Πρὸς

238 2100 299 2172 τοὺς
320 2101 364 2160 διὰ
384 2103 467 2177 τομῆς
489 2096 709 2170 &rahiercurth
726 2096 884 2178 ψευδόμενοι
897 2095 1000 2182 λέγονι
1024 2120 1106 2163 nam
1123 2100 1284 2167 hienricus

239 2201 281 2264 est
296 2200 339 2263 ita
354 2198 556 2284 compostus,
573 2197 607 2261 Si
621 2197 741 2261 mentior
755 2210 783 2261 et
796 2199 860 2262 dico
876 2222 920 2263 ιιιο
936 2199 1067 2278 mentiri,
1084 2212 1284 2271 runcum

228 2300 325 2386 ſsmrrl
341 2311 368 2362 et
379 2300 497 2386 falfim
512 2300 594 2363 dico.-
617 2299 671 2385 qui
690 2298 848 2365 solvebant
863 2322 938 2365 eum
951 2307 1033 2386 τομῇ,
1052 2302 1088 2367 hi
1108 2320 1226 2390 partes
1240 2308 1283 2373 ito

239 2402 485 2487 distinguebant,
509 2400 543 2463 Si
562 2401 695 2478 mentior,
715 2402 857 2466 mentior:
887 2401 922 2467 si
941 2426 1045 2465 verum
1068 2405 1154 2487 dico,
1177 2432 1283 2475 verua

240 2504 315 2566 dico.
357 2501 465 2565 Simile
486 2501 610 2567 videtur
623 2502 713 2566 fuisse
728 2502 894 2588 negotium
909 2503 941 2567 in
963 2505 1143 2588 quaestione
1158 2512 1283 2595 περὶτῆς

239 2613 292 2666 τῶν
316 2603 429 2686 ἀορίςοιν
449 2609 544 2683 τομῆς,
566 2604 721 2687 possintne
743 2603 797 2666 illa
817 2605 870 2682 τὶς,
888 2609 993 2682 ἐκεῖνος,
1015 2622 1049 2670 et
1072 2608 1192 2676 similia
1209 2636 1231 2678 a
1251 2615 1283 2679 se

240 2703 374 2767 invicem
401 2702 559 2787 distingui.
593 2706 672 2784 Τομὴ
698 2703 795 2767 etiam
819 2702 935 2767 dicitur
952 2720 1120 2792 corporum,
1145 2709 1191 2776 de
1216 2734 1283 2799 qua

239 2805 317 2869 item
348 2803 524 2890 Chrysippo
547 2825 620 2868 cum
647 2804 716 2867 aliis
743 2802 805 2869 fuit
835 2805 1054 2883 controverso,
1085 2823 1125 2874 ut
1152 2812 1279 2879 ibidem

240 2906 385 2993 proditur
400 2909 454 2991 69,
470 2924 532 2989 70:
556 2921 590 2971 et
603 2907 646 2970 est
663 2906 943 2991 frequentissuuum
959 2905 991 2970 io
1005 2908 1277 2980 mathematicis:

239 3008 293 3074 sed
315 3009 376 3074 hoc
398 3010 470 3074 loco
488 3008 650 3075 dialectice
665 3010 807 3094 ponitur,
829 3024 867 3075 ut
888 3009 969 3093 saepe
990 3010 1079 3097 apud
1102 3013 1277 3083 Platonem

240 3112 375 3199 Sophist.
398 3135 430 3198 p.
449 3128 519 3197 153.
536 3115 570 3176 F.
608 3111 730 3175 Politic.
750 3128 821 3194 172.
836 3113 874 3177 B.
918 3111 1069 3177 Alterum
1093 3114 1217 3183 diserte
1236 3120 1280 3185 est

240 3214 518 3291 mathematictun,
536 3211 642 3274 miuus
661 3210 856 3275 celebratum
871 3210 998 3296 quidem
1014 3211 1109 3293 illud,
1124 3216 1185 3281 sed
1200 3219 1278 3285 item

240 3315 414 3401 speciosum
429 3313 469 3377 ud
484 3312 725 3399 repugnantiam
738 3336 748 3391 3
769 3311 843 3397 quio
857 3334 984 3397 corpus,
1000 3313 1091 3397 quod
1108 3316 1152 3380 ad
1169 3317 1277 3387 direc.

240 3417 362 3479 tionem
390 3414 535 3478 diametri
565 3428 720 3491 movetur,
743 3434 807 3476 nou
832 3413 893 3476 srne
918 3411 1016 3477 lutere
1041 3432 1216 3499 moretum
1245 3436 1280 3488 et

240 3540 368 3603 corpus,
391 3516 478 3602 quod
499 3516 540 3580 ad
567 3515 672 3580 lateris
699 3515 904 3581 diredtionem
931 3531 1088 3596 movetur,
1121 3546 1191 3588 uon
1215 3527 1277 3591 stne

240 3619 396 3683 diametro
410 3634 574 3697 moretum
600 3619 734 3682 dubium
748 3619 860 3697 existit,
876 3642 947 3705 quae
968 3620 1003 3682 srt
1017 3622 1148 3708 proprie
1173 3627 1276 3707 ximo

239 3726 315 3785 κατὰ
329 3721 479 3805 διάμετρον,
494 3735 565 3805 quae
584 3725 658 3782 κοντοὶ
671 3720 809 3808 πλευράν.

281 3843 335 3907 43.
350 3822 392 3884 A.
415 3824 464 3883 ὑπὸ
479 3820 633 3904 Φιλοιῖμιι]
659 3823 711 3884 De
732 3821 794 3885 hoc
808 3820 876 3907 egit
897 3824 917 3886 J
921 3869 929 3884 .
943 3823 986 3885 A.
1004 3822 1173 3889 Fabricius
1189 3828 1273 3892 Bibl.

240 3928 299 3992 Gr.
314 3922 390 3988 Vol.
405 3924 498 3986 XIII.
513 3945 545 4008 p.
556 3924 631 4008 369.
656 3922 745 3986 Idem
760 3922 823 3986 hoc
838 3923 908 4008 ejus
923 3924 1043 3988 dissum
1058 3929 1160 3993 rcsert
1184 3931 1274 3996 Plut-

238 4026 355 4091 archus
369 4025 421 4088 Dc
436 4021 584 4087 Discrim.
600 4021 700 4085 Adul.
717 4036 750 4086 et
768 4024 844 4086 Am.
870 4046 902 4109 p.
918 4039 970 4106 73.
989 4024 1028 4086 B.
1074 4028 1274 4116 Hujusmodi

212 4130 215 4137 '
240 4128 362 4192 omissio
384 4123 469 4188 vocis
493 4123 575 4207 λόγος
597 4123 639 4185 est
663 4122 694 4187 in
716 4121 925 4207 Aristophane
949 4124 1058 4209 Equit.
1075 4127 1139 4211 87:
1162 4132 1234 4196 Ἰδού
1246 4129 1274 4217 γ’

239 4227 369 4314 ἄκρατον·
392 4226 459 4310 περὶ
472 4231 561 4288 ποτοῦ
575 4231 641 4308 γοῦν
655 4225 697 4298 ἐςί
710 4224 755 4288 σοι’
763 4249 773 4307 3
798 4226 933 4300 Isocrate
948 4226 1115 4316 Aurartyr.
1138 4252 1173 4317 p.
1189 4236 1273 4301 661:
