2684 4762
220 336 283 415 236
366 336 405 394 D.
416 336 466 394 W.
480 334 688 395 Auriumv.
709 335 756 393 IN
777 334 1007 394 PLurAucffl
1027 333 1101 393 LIB.

222 498 312 584 θρόνος
324 497 445 586 solium.
482 497 686 584 l‘raeligendae
700 497 860 562 vocabulis
878 496 977 561 literae
991 524 1012 559 a
1025 509 1102 560 nota
1114 493 1157 558 ‘est
1169 515 1252 559 con·

223 597 369 678 suetudo,
392 614 425 662 et
444 612 553 663 notata
572 603 603 665 J.
618 601 662 664 D.
676 598 851 684 Lennepio,
874 597 906 662 in
929 598 1005 661 Obs.
1028 597 1068 660 de
1091 594 1253 681 Analogia

222 720 257 785 p.
280 718 361 777 201:
392 699 633 784 interponendae
655 726 670 786 ς
692 698 797 762 minus
816 712 937 775 notata,
955 712 1063 762 tamen
1082 695 1168 760 haud
1191 696 1253 760 ob·

223 802 314 866 scura
335 801 367 865 iri
389 800 457 865 aliis
482 800 577 865 etium
604 800 787 865 nominibus
808 814 842 865 et
867 799 987 864 verbis:
1014 798 1112 864 veluti
1138 799 1253 884 βραδὺς,

221 925 280 991 pro
302 904 385 981 βνιδὺς
406 925 425 966 a
445 902 520 981 βίων,
540 903 625 981 βάδην
650 901 741 965 lente:
764 904 884 988 βςῆσσνρ
905 923 963 987 pro
984 903 1088 980 βῆσσα,
1105 920 1157 984 ap.
1179 901 1252 962 He·

221 1003 309 1091 sych.
324 1026 392 1068 voc.
414 1004 498 1090 βρᾶω,
515 1004 647 1089 liptinensi,
665 1001 823 1087 βνέρῶσκω,
844 1024 883 1066 ex
900 1002 969 1081 βὸνν,
984 1001 1090 1079 βόσκω,
1103 999 1250 1079 sassones:

220 1108 334 1192 γρυπὸς,
357 1106 501 1184 otlaricus,
527 1127 546 1168 a
568 1105 642 1188 γὺψ,
664 1105 763 1188 γυπὸς,
781 1105 853 1189 yssi,
870 1105 963 1190 γυρὸς,
985 1104 1129 1166 rotundus
1151 1102 1252 1167 orbis:

221 1205 318 1293 ὃρέπω,
343 1205 438 1292 ipseo,
460 1205 558 1292 δρῦρω,
580 1205 688 1292 ipsulm,
703 1229 722 1268 a
734 1205 803 1287 δέρω
823 1218 858 1269 et
875 1204 1019 1291 cognatis
1037 1204 1125 1283 τύπω,
1144 1204 1249 1267 nisio:

221 1306 322 1393 κρύπῑω
343 1328 362 1370 a
385 1305 487 1368 xilnlo:
511 1307 604 1392 ρνκρός
626 1308 748 1388 oucule,
764 1306 804 1369 de
819 1328 882 1390 quo
897 1306 1040 1370 videatur
1059 1307 1101 1371 G.
1118 1304 1251 1369 Koenius

222 1409 264 1473 ad
279 1408 427 1473 Corinth.
444 1429 476 1493 p.
495 1428 577 1492 130:
601 1430 621 1470 a
633 1408 693 1493 χίνο
714 1409 749 1472 fit
764 1407 861 1494 χρίεντ
885 1429 905 1471 a
921 1409 985 1493 χόνν
1000 1408 1036 1472 fit
1054 1407 1147 1492 χρόαν,
1162 1407 1251 1472 unde

219 1510 340 1598 χρνσὸςε
364 1524 398 1573 et
412 1532 431 1572 a
444 1509 516 1590 φάν),
532 1511 610 1592 φημὶ,
625 1511 711 1592 edsio,
726 1512 769 1573 eit
783 1509 883 1595 φράζω.
914 1511 1008 1588 Item,
1023 1510 1063 1574 ab
1079 1509 1145 1588 llio,
1161 1508 1249 1596 ῧρῶς,

223 1611 309 1698 ἱδρὸνν,
333 1632 353 1674 a
374 1611 484 1684 ortium
504 1611 632 1696 σπᾶρνος,
657 1612 697 1674 ab
718 1614 786 1688 ἀκοὴ
810 1611 974 1696 ἁκροίινμνιρ,
999 1631 1019 1672 a
1036 1611 1106 1688 λήθη
1128 1611 1246 1698 &Spar

222 1737 294 1802 quae
310 1713 430 1779 notavit
447 1712 639 1777 dostiffiinus
651 1715 685 1778 J.
697 1713 863 1796 Duportus
877 1712 909 1775 in
931 1712 1070 1777 Praelett.
1085 1711 1126 1776 od
1139 1712 1249 1778 Theo-

222 1816 338 1904 phmsti
353 1815 453 1879 Char.
464 1816 525 1878 Xl.
540 1835 573 1899 p.
585 1815 660 1898 396.
687 1813 754 1893 Sed
770 1814 839 1877 haec
851 1813 1017 1878 haetenus.
1047 1814 1174 1879 Etenim
1191 1838 1249 1880 ne·

221 1918 300 1983 dum
313 1917 404 2004 plura
418 1916 563 2001 exempla
575 1905 709 1995 adferre,
725 1915 776 1979 sed
796 1915 892 1979 etism
906 1914 1076 1979 allatorum
1090 1914 1249 1981 rationem

221 2022 349 2089 uberius
363 2021 530 2107 explicare,
549 2021 725 2085 Plutarchei
739 2022 842 2106 operis
856 2020 1045 2107 magnitudo
1060 2036 1157 2085 vetat.

266 2144 317 2191 22.
334 2127 369 2189 F.
391 2126 449 2210 Nfi’
468 2124 563 2207 ὀλίγην
582 2124 715 2208 aliis—J
742 2122 869 2187 Hesiodi
885 2116 975 2209 Ἐργ.
989 2126 1063 2207 643.
1087 2123 1128 2186 ad
1150 2146 1249 2208 quein

220 2224 329 2291 locum
343 2223 459 2312 Graevii
477 2224 518 2287 ab
536 2222 596 2287 linc
616 2221 777 2287 Plutarchi
791 2222 1051 2308 interpretatione
1063 2223 1247 2289 diss'entien-

219 2329 261 2394 tis
275 2327 430 2392 rationein
446 2348 509 2390 nori
521 2325 624 2411 capio.
656 2326 743 2389 Num
758 2339 790 2388 et
803 2325 957 2411 Virgilius
972 2327 1093 2412 Georg.
1111 2328 1154 2394 ΙΙ.
1169 2346 1248 2406 412.

219 2431 412 2501 Hesiodeum
432 2428 555 2494 dietum
577 2428 705 2494 imitans
729 2427 875 2491 laudandi
897 2441 931 2493 et
952 2428 1107 2515 recusandi
1129 2429 1248 2515 signifi-

219 2532 360 2597 cationes
383 2529 562 2617 conjungit,
588 2530 729 2594 laudato
751 2530 884 2619 ingentio
906 2555 994 2610 rura,
1019 2531 1175 2618 Exiguum
1199 2556 1246 2596 co·

220 2630 334 2695 lito-.-
356 2646 390 2695 et
410 2630 522 2695 eodem
545 2629 628 2693 valet
650 2629 765 2693 citatus
786 2629 828 2693 ab
847 2651 886 2694 eo
906 2627 1086 2694 Eustathius
1098 2628 1139 2694 ad
1155 2629 1249 2695 Iliad.

221 2732 262 2796 K.
285 2753 317 2816 p.
338 2749 412 2815 720.
435 2730 514 2794 edit.
529 2729 619 2794 Basil.
645 2729 718 2795 802.
742 2750 776 2811 4.
806 2729 883 2794 edit.
911 2731 1005 2794 Rom.
1043 2728 1097 2793 Ad
1117 2730 1247 2817 Virgilii

218 2837 390 2903 ditiionem
410 2836 499 2901 Fulv.
517 2836 646 2900 Ursinus
667 2835 737 2899 haec
758 2835 890 2914 notavit,
914 2842 935 2874 ‘⁴
957 2832 1120 2920 Sophoclem
1134 2858 1248 2920 quoque

219 2947 242 2981 “
258 2940 352 3031 eodem
374 2939 454 3002 modo
476 2937 612 3016 locutum,
636 2961 672 3000 ex
690 2938 741 3000 hoc
761 2939 860 3022 versu,
879 2961 963 3024 quein
980 2938 1051 3001 citat
1074 2937 1249 3017 Athenaeus,

218 3050 241 3085 “
256 3042 356 3130 colligi
370 3039 458 3130 potest
468 3067 478 3104 .·
499 3046 546 3104 Τνὶ
567 3044 617 3122 μὲν
638 3042 668 3118 δὴ
690 3040 737 3103 καὶ
759 3039 868 3118 ἐπαίνει,
889 3047 936 3103 τοῦ
953 3041 980 3103 δὲ
1000 3040 1140 3126 κερδαίνειν
1159 3040 1246 3126 ixl-‘²'

155 3167 161 3182 ¹
218 3151 243 3187 “
256 3168 353 3233 quein
376 3145 497 3209 versum
517 3141 590 3206 inde
614 3141 659 3204 ita
683 3141 808 3227 repetiit
830 3141 1007 3206 Delacerda
1027 3155 1061 3205 et
1085 3144 1245 3222 Potterus,

217 3247 333 3311 merito
360 3246 413 3310 hic
442 3243 570 3330 quidem
606 3241 811 3327 reprehensus
846 3242 977 3307 Kreblio·
998 3241 1111 3306 citanti
1138 3243 1246 3311 sanam

216 3349 387 3425 leffionem
402 3344 553 3412 Athenaei
569 3348 616 3408 Tot
627 3344 677 3425 μὲν
691 3342 771 3405 δίκαι’
785 3344 893 3408 ἐπαίνεε·
913 3351 960 3407 τοῦ
976 3344 1002 3406 δὲ
1017 3343 1157 3430 κερδαίνειν
1175 3344 1246 3431 ἔχεν.

216 3449 324 3513 Exstat
343 3449 405 3511 111.
429 3468 460 3532 p.
481 3465 552 3512 122.
569 3446 608 3509 C.
651 3443 881 3507 Valckenarius
901 3466 976 3508 cum
998 3443 1148 3508 similibus
1174 3446 1248 3511 aliis

216 3574 293 3616 eum
311 3549 503 3634 comparavit
525 3548 617 3613 diuis
637 3547 774 3613 Distrib.
789 3548 820 3612 in
837 3551 963 3634 Fragm.
978 3546 1088 3632 Eurip.
1111 3569 1145 3632 p.
1163 3550 1244 3613 166:

215 3650 397 3719 Bruuckius
424 3650 529 3735 posuit
552 3650 585 3712 in
613 3653 739 3736 Fragm.
766 3650 882 3714 fsbulae
903 3650 1088 3735 AEthiopum.
1123 3649 1247 3716 Similis

215 3755 259 3823 est
279 3753 516 3839 euphemismus
531 3753 562 3816 in
583 3753 800 3840 Aristophanis
819 3756 898 3818 Rari.
912 3769 988 3839 511.
1005 3756 1141 3834 Ktinf,
1161 3760 1247 3819 ἐπαν-

216 3867 263 3937 ivi,
280 3857 333 3920 ubi
348 3855 387 3919 de
401 3877 441 3921 eo
455 3855 574 3920 notavit
590 3856 749 3920 Kusterus.
773 3855 827 3920 Ad
842 3856 924 3919 lianc
939 3857 1094 3920 rationem
1108 3857 1245 3944 exigen-

215 3961 277 4039 dus
300 3959 342 4022 est
367 3957 518 4022 Libanius
544 3957 576 4020 in
599 3957 690 4021 Orat.
712 3955 753 4022 de
774 3957 850 4021 Vita
871 3958 935 4021 Sus
956 3960 994 4022 T.
1012 3960 1055 4021 ll.
1078 3981 1112 4041 r).
1128 3979 1181 4026 20.
1197 3963 1245 4026 D.

215 4065 254 4130 ln
265 4062 385 4149 χαίρειν,
400 4059 527 4140 κελεύειν,
542 4072 576 4122 et
590 4067 682 4132 καλῶς
696 4057 766 4143 ἔχει,
783 4058 931 4143 frequens
943 4059 986 4122 est
1000 4060 1085 4123 usus.

259 4188 292 4252 p.
308 4184 360 4248 23.
376 4164 420 4226 A.
447 4165 493 4238 τὴν
514 4163 643 4236 ’basilis
665 4160 861 4246 Περσεφόνειαν
883 4160 944 4223 ivios
965 4180 1046 4242 φασιν
1068 4163 1103 4235 ὥς
1126 4189 1246 4248 παραν-

215 4271 295 4347 ητῄν
318 4264 452 4352 ulpium]
484 4261 673 4349 Proserpiuae
696 4261 758 4327 hoc
779 4263 823 4328 est
847 4284 1027 4350 cognomen
1053 4265 1140 4350 apud
1165 4269 1245 4333 Ho.
