2684 4762
164 293 225 349 νον
308 280 957 346 n.w.ann1auv.rnrnurannn1
978 281 1058 341 nro.
1192 262 1195 267 ’

149 444 258 534 studui
285 446 304 529 ',
327 445 447 534 quippe
469 444 556 534 quod
581 444 667 533 apud
692 443 776 511 iilius
797 443 900 511 aetatis
925 443 1103 531 scriptores
1127 438 1206 509 nm·

160 549 287 637 pliciter
308 549 426 615 dicitur
444 551 505 615 sine
528 548 646 614 Dativo
668 547 713 614 rei
735 571 794 634 pro
816 548 909 613 literis
929 546 983 611 vel
1001 546 1206 636 philosophia

150 651 284 738 studere.
339 652 446 718 Potuit
470 651 568 739 igitur
591 650 792 729 Plutarchus,
814 649 870 736 qui
892 672 947 738 per
974 660 1087 715 totum
1112 649 1203 724 huuc

161 754 277 820 librum
295 754 399 832 diodor
416 755 599 840 frequenter
615 752 738 819 dixiiiet
755 751 973 817 subaudiendo
994 751 1051 816 illo
1073 760 1132 817 τῶν
1152 771 1200 834 pr·

110 873 113 878 ·
160 856 293 937 arripui,
308 856 387 921 item
400 855 531 921 titulum
546 853 713 919 inscribere
728 851 909 939 impliciter
922 853 990 940 περὶ
1003 859 1053 915 τοῦ
1068 853 1197 918 &norim

160 969 194 1022 et
213 956 319 1042 potuit
336 956 514 1043 Lamprus,
533 954 588 1018 seu
609 953 748 1040 quisquis
762 954 825 1017 fuit
844 953 930 1017 illius
944 952 1101 1040 Catalogi
1117 976 1198 1018 con·

160 1056 272 1137 fedior,
300 1065 353 1122 τῶν
379 1057 531 1140 φιλοσόφων
552 1038 679 1135 addere,
703 1057 770 1142 'quo
795 1055 938 1122 disertius
963 1056 1052 1121 bunc
1069 1056 1195 1122 -librum

160 1156 366 1245 distingueret
379 1159 421 1223 ab
433 1153 653 1235 antecedente,
674 1156 729 1242 qui
746 1156 790 1220 est
807 1157 875 1244 περὶ
891 1165 940 1221 τοῦ
957 1166 1013 1232 πῶς
1028 1161 1064 1222 δεῖ
1079 1161 1128 1223 τὸν
1141 1159 1197 1223 νέον

159 1269 213 1324 τῶν
225 1259 389 1342 ποιημάτων
403 1259 527 1325 dirior:
551 1272 584 1322 et
598 1258 683 1322 idem
699 1257 764 1338 ille,
780 1280 881 1344 quum
898 1257 994 1322 semel
1010 1258 1042 1322 se
1062 1259 1107 1322 ad
1122 1282 1195 1325 oor·

158 1361 329 1448 rigendum
342 1360 474 1426 titulum
495 1359 637 1439 dedisset,
661 1359 797 1435 debebat
811 1382 898 1441 cunr,
913 1359 954 1424 ad
972 1360 1195 1427 antecedentis

159 1461 232 1527 libri
250 1461 444 1547 exemplum,
467 1460 643 1545 pleniorem
664 1460 764 1524 etiam
786 1458 831 1524 ita
848 1460 970 1539 efferre,
989 1463 1058 1548 vigi
1077 1469 1119 1525 τῦ
1130 1471 1194 1538 πῶς

160 1565 200 1627 δεῖ
211 1566 257 1628 τὸν
275 1563 329 1628 rior
347 1571 400 1628 τῶν
415 1561 567 1646 φιλοσόφων
583 1563 699 1627 ἀκούειν.
731 1563 817 1625 Nam
840 1575 873 1626 et
893 1561 1027 1649 scriptus
1049 1564 1093 1628 est
1114 1565 1194 1630 liber

160 1661 202 1728 ad
214 1663 268 1728 rior
289 1684 398 1730 recens
419 1686 437 1728 e
458 1661 594 1749 pueritia
614 1661 782 1750 egreisum,
796 1677 830 1726 et
849 1662 895 1741 hi,
911 1686 1048 1750 quorum
1062 1663 1105 1729 ad
1119 1665 1194 1732 usus

159 1763 230 1830 haee
243 1762 366 1830 monita
380 1776 603 1850 praeeeptaque
625 1763 814 1842 refenmtur,
832 1762 984 1828 dicuntur
999 1762 1063 1845 νένν,
1074 1805 1077 1809 ·
1085 1787 1123 1852 p.
1138 1782 1193 1852 37.

160 1867 202 1935 C.
222 1868 279 1961 38.
293 1866 336 1932 A.
348 1866 388 1930 C.
398 1868 443 1932 D.
455 1869 494 1930 E.
516 1885 570 1952 39.
585 1867 624 1929 Β.
645 1883 701 1946 42.
714 1865 753 1929 Β.
768 1865 808 1930 C.
830 1867 885 1947 46.
900 1865 945 1930 D.

204 1969 378 2050 Caeterum,
406 1968 493 2055 quod
517 1969 607 2055 supra
630 1967 671 2032 ad
698 1968 814 2033 librum
843 1969 893 2033 De
914 1968 1066 2055 Legendis
1094 1970 1194 2036 Poetis

158 2071 306 2154 diximus,
329 2070 468 2158 quisquis
490 2070 534 2134 illi
557 2071 638 2135 libro
659 2070 746 2134 hunc
763 2071 803 2134 de
824 2070 992 2135 Audiendis
1007 2071 1193 2160 Philojiphis

159 2174 308 2260 deinceps
322 2172 494 2261 subjunxit,
511 2172 563 2236 hic
579 2172 732 2236 rationem
748 2172 930 2258 argumenti
943 2187 975 2238 et
989 2195 1114 2238 morem
1131 2196 1192 2243 an·

156 2272 314 2361 tiquitatis
339 2275 464 2338 secutus
487 2274 540 2336 est.
583 2272 694 2337 Ledio
716 2289 884 2359 poetarum
903 2275 946 2340 est
966 2295 1037 2360 pars
1062 2273 1193 2341 institu-

154 2373 254 2448 tionis
273 2372 424 2459 puerilie:
454 2387 531 2437 aetaa
554 2372 683 2457 puerilis
704 2372 883 2461 degebatur
905 2375 963 2440 sub
985 2373 1190 2465 pedagogo:

146 2475 273 2548 ,ultimo
296 2489 440 2560 tempore
460 2474 544 2539 illius
567 2475 670 2540 oetatis
693 2496 773 2560 puer
793 2474 960 2541 dicebatur
981 2475 1096 2559 ἔφνένςε
1127 2500 1194 2566 qua

156 2575 259 2653 iiirita,
282 2576 378 2640 fiebat
398 2576 453 2653 vir,
476 2592 562 2640 certe
584 2575 706 2640 virilem
720 2576 864 2640 vestitum
879 2577 1090 2663 habitumque
1105 2581 1192 2649 affu-

116 2744 119 2749 ,
156 2676 277 2755 ruebat,
299 2698 318 2738 e
345 2673 515 2763 paedagogi
540 2676 674 2762 imperio
698 2677 816 2757 exibat,
844 2678 1045 2766 liberiusque,
1065 2701 1192 2767 quam·

155 2799 252 2864 quarn
276 2775 332 2841 sub
356 2776 694 2862 parentantimperio,
717 2777 867 2864 degebat,
888 2779 1008 2867 suoque
1032 2782 1192 2850 arbitram

153 2875 286 2964 aliquod
306 2877 442 2942 studium
464 2877 651 2942 sedtnbatur.
696 2878 804 2957 Plane,
827 2893 864 2943 ut
887 2880 973 2966 apud
997 2883 1190 2950 Terentium

144 2977 259 3078 Ιᾼιιάν.
277 2979 303 3043 Ι.
317 2998 346 3042 1.
358 2997 409 3059 24„
437 2979 528 3043 Simo
543 2992 632 3063 pater
644 2978 685 3043 de
699 2979 764 3044 filio
778 2980 834 3043 suo
850 2980 1014 3068 Pamphilo
1028 3000 1159 3053 narrat:

237 3079 322 3148 Nam
335 3080 361 3143 is
374 3077 525 3168 pryiquam
540 3079 653 3165 excafflt
667 3104 703 3143 cx
716 3079 842 3168 ephebis,
860 3081 953 3166 Sostra,
968 3107 1004 3147 ac

141 3248 145 3255 ,
238 3181 351 3247 Libera
365 3181 489 3245 vivendi
499 3180 570 3265 fuit
587 3178 721 3267 potestas,
744 3185 826 3263 (nam
840 3195 931 3247 antea

140 3352 143 3357 ,
240 3283 303 3369 Qui
313 3283 393 3368 faire
411 3283 513 3371 postes,
529 3296 582 3346 siut
600 3283 751 3368 ingenium
765 3285 888 3369 noscere,

236 3386 322 3458 Dum
337 3408 401 3448 eum
414 3396 504 3463 cetos,
518 3396 623 3466 metus,
636 3383 775 3470 magistir
789 3385 1043 3470 cohibebunl?)-

240 3487 330 3571 Quod
346 3485 479 3573 plerique
494 3510 588 3549 omnes
597 3485 725 3571 jociani
739 3486 959 3574 adolestentuli

241 3585 282 3651 Ut
294 3586 425 3650 animum
437 3587 481 3649 ad
495 3585 620 3673 aliquod
629 3585 765 3672 studium
779 3589 962 3676 adurgent,
975 3604 1030 3656 aut
1043 3618 1136 3681 equor

236 3686 340 3767 Alere,
355 3700 409 3752 aut
423 3711 509 3751 canes
521 3689 565 3752 ad
577 3687 758 3767 venandum,
773 3691 884 3753 autad
899 3692 1101 3782 philosophos.-

234 3786 354 3855 Horum
367 3788 419 3852 ille
431 3788 510 3852 nihil
522 3789 640 3875 egregie
649 3801 761 3877 praeter
773 3803 935 3857 caetero-.

239 3890 395 3970 studebat,
410 3902 437 3953 et
452 3901 551 3954 aaaron
565 3891 662 3955 onmia
676 3893 740 3958 baec
753 3894 944 3962 mediocriter.

147 3993 195 4064 Et
209 3994 372 4071 Isocrates,
388 3991 592 4057 eruditiffimo
609 3992 848 4082 lindenbrogio
867 4021 932 4062 non
946 4000 1189 4091 praetermissus,

148 4112 243 4160 retus
264 4095 506 4162 Atheniensium
529 4094 617 4160 i'uiiie
637 4095 815 4161 institutum
835 4098 954 4184 prodit,
973 4124 1039 4187 quo
1056 4124 1187 4191 paupe·

133 4195 250 4271 ,riores
269 4194 311 4265 ad
332 4195 561 4285 agriculttuam
580 4209 616 4266 ot
634 4212 867 4285 mercaturam,
892 4200 1021 4283 ditiores
1046 4203 1088 4273 ad
1112 4229 1188 4276 rem
