2684 4762
250 308 304 367 DE
318 303 504 366 DISCERN.
517 308 641 367 ADUL.
654 309 707 366 AB
720 307 866 367 AMICO.
884 314 968 384 p.73.
978 305 1061 375 C,D.
1126 315 1184 380 543

192 487 245 556 73.
263 470 304 535 C.
332 473 394 534 κατ’
410 460 569 559 Εὗρεπόδην]
602 470 751 537 Phoeniff.
768 485 845 556 532.
867 470 1000 536 Jocastae
1022 466 1124 533 oratio
1146 467 1192 531 ad·

149 571 251 637 filiurn
265 573 453 638 Eteoclem:

314 669 360 735 Ὦ
372 670 477 751 τόκνον,
492 675 547 758 οὐχ
559 670 671 737 ἅπαντα
682 677 724 758 τῷ
738 672 812 760 γῆρρ
825 675 915 752 κακὰ,

320 775 493 857 Ἐτεόκλεες,
507 776 652 863 πρόσεςιν·
676 778 743 839 ἀλλ’
756 783 772 854 ἡ
785 775 905 863 ’μπειρόοι

316 875 404 962 Ἔχει
418 902 446 939 τι
461 875 541 957 λέξον
553 886 608 941 τῶν
623 885 685 941 νεῶν
699 876 862 966 σοφότερον.

151 975 240 1064 quod
253 976 350 1043 multi
362 976 412 1042 vel
427 991 647 1045 memorarunt
660 978 710 1044 vel
730 977 849 1044 imitati
868 978 941 1043 sunt
956 975 1078 1042 laudati
1090 977 1186 1042 Valc-

152 1076 287 1143 kenario
306 1077 348 1141 ad
369 1076 457 1142 hunc
480 1076 609 1144 locum:
639 1078 755 1165 quibus
776 1078 913 1144 addatur
933 1075 1080 1144 Julianus
1103 1077 1189 1163 Imp.

153 1179 210 1243 Or.
228 1179 289 1243 lll.
304 1199 338 1264 p.
351 1197 423 1261 124.
439 1181 466 1245 Β
479 1206 487 1244 z
511 1181 548 1243 dc
564 1177 686 1246 Ινᾶίοπο
699 1181 888 1268 antiquorum
898 1180 1091 1268 scripturum,
1105 1182 1148 1263 ὑφ’
1162 1180 1192 1257 ἦς

153 1281 198 1358 ἤδη
219 1282 267 1344 καὶ
285 1280 335 1345 νέοι
354 1283 453 1344 πολλοὶ
475 1280 607 1368 γερόντων
627 1282 730 1370 μυρόοον
743 1284 845 1347 πτολιδν
856 1289 968 1365 μᾶλλον
981 1283 1132 1360 ἐκτήσαντο
1145 1285 1192 1345 τδν

153 1390 211 1446 νοῦν
225 1383 339 1458 καὶτὰς
353 1382 459 1471 φρένας·
485 1383 531 1463 καὶ
546 1387 578 1448 πδ
596 1387 687 1448 δοκοῦν
703 1385 814 1470 ἀγαθὸν
832 1389 864 1448 ἐκ
880 1392 929 1448 τοῦ
950 1385 1040 1471 γήρως
1058 1383 1193 1470 ὑπάρχειν

152 1488 209 1559 τοῖς
224 1484 374 1571 ἀνθρώποις
386 1485 478 1567 μόνον,
491 1489 540 1564 τὴν
553 1486 705 1574 ἐμπειρίαν,
717 1488 748 1549 δι’
763 1486 793 1564 ἢν
807 1489 820 1549 ό
834 1483 985 1573 πρετὸὖεης
1000 1484 1059 1570 ἔχει
1072 1510 1100 1548 τι
1113 1485 1192 1565 λε’ξσρ

153 1596 209 1652 τῶν
223 1595 285 1653 νεῶν
297 1588 458 1676 σοφόντερον.

199 1707 252 1775 73.
270 1691 309 1754 C.
331 1688 423 1778 ὥσπερ
447 1696 460 1753 ό
482 1690 588 1781 σόδηρος
609 1699 763 1773 πυκνοῦπαρ
786 1699 820 1779 τῇ
842 1694 1038 1779 περιψιόξει-]
1072 1692 1193 1758 Placuit

155 1793 354 1880 comparatio
373 1793 558 1874 Plutarcho,
573 1809 611 1859 ut
627 1817 700 1858 eam
721 1795 803 1880 saepe
822 1792 862 1858 ad
882 1794 1141 1881 perspicuitatem
1160 1808 1195 1857 et

155 1912 308 1961 ornatum
333 1895 556 1985 disputationis
577 1895 755 1963 adhiberet.
797 1898 850 1962 De
871 1894 973 1962 Sanit.
997 1918 1030 1983 p.
1047 1897 1120 1981 136.
1136 1896 1190 1960 A:
1320 1938 1324 1947 ·

156 1996 311 2085 ἑπετρόὸντι
324 1999 356 2061 πδ
371 2006 456 2079 σῶμα
469 2001 530 2071 ταῖς
543 1995 726 2081 μετοιὸολοιῖς,
736 1995 826 2081 ὥσπερ
840 1998 887 2062 τδν
900 1994 1062 2078 βαπῑόμενον
1075 1995 1194 2082 σίδηρον,

157 2096 222 2163 όταν
236 2103 335 2184 ἐνταθῇ
354 2098 401 2161 κοιδ
415 2102 512 2183 ετιεθῇ
525 2103 581 2172 τοῖς
594 2095 693 2175 πόνοις,
713 2097 793 2173 αὖθις
807 2102 834 2161 δν
847 2100 948 2175 ἡδοναῖς
960 2096 1106 2179 τηκόμενον
1120 2096 1194 2178 ἁμέ·
1232 2154 1236 2162 .

156 2225 228 2288 προς
243 2202 292 2264 καὶ
305 2197 520 2282 διαλειέόμινονε
547 2199 591 2264 ita
610 2200 696 2264 enim
716 2200 868 2264 ultimum
883 2200 1014 2265 verbum
1028 2199 1193 2285 corrigen-

158 2303 238 2367 dum
253 2325 293 2368 ex
307 2316 460 2388 corrupto
473 2301 645 2386 θλιὲόμιιιν.
677 2306 730 2370 De
745 2306 839 2369 Orac.
854 2304 984 2369 Dese&
1003 2326 1037 2390 p.
1052 2322 1128 2388 433.
1145 2307 1193 2365 A:

157 2404 307 2491 περιψύξει
326 2405 378 2468 τινὶ
402 2406 449 2469 κοιδ
470 2404 604 2469 πυκνώσει
624 2412 673 2468 ποῦ
692 2405 856 2487 πνεύματος,
877 2406 927 2469 οἷον
945 2407 1022 2489 βαφῇ
1038 2404 1147 2491 σιδήρου,
1163 2404 1195 2465 vl

158 2507 345 2593 προγνωςικδν
367 2505 459 2591 μορόον
483 2505 634 2592 ἰγγίνεθαρ
658 2506 735 2592 (leg.
753 2505 916 2586 ἐντεόνεθοες)
937 2507 966 2592 'l
987 2509 1130 2588 ςομοῦθυρ
1148 2509 1197 2580 τῆς

158 2611 255 2694 ψυχῆς
271 2612 320 2671 οὐκ
334 2608 464 2671 ἀδύνατόν
477 2612 529 2681 ἐςι.
567 2607 649 2673 lbid.
664 2609 740 2692 436.
755 2607 798 2671 A.
822 2609 935 2694 Symp.
952 2608 979 2670 I.
1003 2628 1036 2692 p.
1048 2609 1123 2673 622.
1140 2607 1193 2671 D:

160 2713 286 2793 φειδουλός
308 2712 374 2798 ἀνήρ
391 2737 423 2774 τε
443 2711 490 2774 καὶ
512 2711 691 2798 μικρολόγος,
715 2709 840 2793 ἐμπεποδν
854 2715 889 2784 εἰς
904 2709 1003 2797 ἔρωτα,
1019 2709 1146 2796 καθάπερ
1162 2715 1198 2784 εἰς
1272 2724 1275 2729 “

160 2820 213 2899 πῦρ
234 2812 351 2897 σι’δηρος,
373 2811 477 2884 ἀνεθεὶς
499 2813 547 2876 nal
569 2814 746 2898 μαλαχθεὶς,
765 2815 873 2888 οἱποιλός
888 2812 935 2874 καὶ
951 2813 1031 2896 υγρδς
1046 2813 1093 2873 καὶ
1108 2812 1197 2888 ἡδόοον.

161 2916 214 2980 De
234 2913 342 2979 Primo
364 2913 450 3000 Frig.
475 2935 509 2999 p.
524 2932 598 3000 954.
615 2915 655 2979 C.
692 2915 806 3003 Gryllo
829 2915 903 3000 988.
920 2915 975 2979 D:
1005 2912 1126 2998 ἀνδρείας
1147 2913 1199 2975 οἷον

162 3020 238 3102 βαφή
254 3044 296 3092 τις
310 3023 323 3080 ὁ
337 3018 423 3099 θυμός
439 3020 479 3090 ὶςι
495 3019 517 3105 οὲ
533 3017 664 3101 ςόμονμοι.

207 3136 260 3204 73.
274 3120 320 3184 D.
337 3117 401 3207 Ἀφ’
417 3119 484 3200 ἄξιοι
503 3125 593 3184 ἐκεῖνον
610 3123 715 3196 τούτοις
731 3119 936 3209 παραὸόλλειν]
963 3121 1014 3183 Est
1033 3141 1072 3182 ex
1087 3140 1200 3183 eorum

162 3243 294 3308 genere,
323 3243 395 3308 quae
418 3222 546 3309 vestigia
569 3238 675 3308 poetae
699 3222 834 3308 prodere
858 3222 1042 3287 videantur:
1073 3219 1155 3306 quid
1179 3223 1199 3284 sr

165 3319 350 3407 hujusmodi
364 3321 487 3387 dicium
502 3322 585 3387 fuit?
604 3320 668 3407 Ἆρ’
683 3322 736 3400 ἄξι’
752 3325 788 3396 ἒς“
805 3327 895 3386 ἐκεῖνον
908 3323 1000 3397 τόποις
1012 3320 1178 3404 συμὸαλεῖν.

208 3440 262 3509 73.
276 3423 322 3487 D.
345 3422 605 3509 ἀποδιοπομπητέον]
631 3424 844 3503 abominanda,
859 3425 976 3511 monstri
990 3423 1081 3509 irstar
1095 3441 1200 3512 expor-

166 3529 274 3590 tanda.
313 3524 452 3612 Egregie
466 3524 627 3592 illustravit
645 3526 729 3590 hanc
746 3549 856 3592 vocem
872 3525 1086 3592 Ruhnkenius
1102 3527 1204 3591 noster

166 3626 212 3691 ad
228 3626 343 3693 Timaei
365 3627 464 3691 Gloff.
490 3625 614 3692 Platon.
637 3650 670 3715 p.
684 3647 747 3710 403
778 3643 815 3693 ut
836 3650 938 3712 pauca
960 3627 1064 3706 nobis,
1087 3641 1205 3713 praeter

168 3728 331 3795 Plutarchi
345 3727 429 3807 loca,
448 3726 595 3793 addenda
612 3728 786 3816 reliquerit.
815 3726 943 3792 Defessl.
958 3729 1053 3794 Orac.
1075 3749 1109 3814 p.
1126 3748 1167 3813 43
1169 3743 1201 3813 5.

167 3833 220 3898 A:
244 3836 276 3894 διε
296 3839 351 3896 τῶν
371 3835 441 3894 θεῶν
460 3833 508 3907 τὴν
530 3835 664 3912 μαντικὴν
686 3837 723 3905 εἰς
742 3831 869 3912 δαίμονας
889 3834 1014 3915 ἀτεχνῶς
1035 3833 1203 3912 ἀποδιοπομ-

166 3933 303 4016 ποόμενοι.
338 3931 485 4020 Sympos.
500 3931 595 3995 Vlll.
613 3953 646 4017 p.
663 3949 680 4015 7
684 3952 738 4015 30.
753 3933 784 3996 D
800 3955 807 3996 ε
830 3934 938 4017 -ποιρ’
952 3930 1077 4009 Ἕλλησι
1092 3931 1205 4017 γέγονεν

169 4034 283 4119 οἱγνεόοις
296 4033 376 4121 με’ρος
390 4039 486 4120 ἀποχὴ
501 4033 620 4120 όχδόννν,
634 4037 699 4115 pul
711 4040 746 4096 τῦ
761 4034 853 4099 δικαόιι
868 4037 890 4121 τὲ
905 4037 936 4098 τὸ
950 4036 1103 4122 περίεργον,
1118 4035 1204 4116 οδμυς,

170 4142 217 4211 τῆς
230 4135 357 4222 βρότεος
371 4135 660 4219 ἀποδιοπομπουμένοις.
691 4137 742 4201 De
757 4137 915 4202 Herodot.
931 4139 1071 4225 Maligrr.
1086 4159 1119 4222 p.
1131 4140 1204 4202 860.

173 4239 222 4305 E:
245 4235 376 4324 εὔρυθμός
397 4263 428 4302 τε
449 4240 497 4303 nal
515 4239 657 4314 πολιτικὸς
672 4243 685 4303 ό
699 4243 804 4323 μυκτὴρ
817 4247 866 4303 τοῦ
880 4239 1067 4324 συγόραφόοος,
1082 4244 1118 4314 εἰς
1139 4246 1205 4303 Kri-
