2684 4762
230 320 294 383 266
377 319 416 377 D.
428 319 479 376 W.
499 316 708 377 ANIMADV.
727 316 775 377 IN
795 316 1026 381 PLUTARCHI
1047 318 1120 378 me.

231 487 307 545 οὖτον
325 484 478 564 ἀναγκαῖον
490 478 638 564 γίγννθοᾼ·
662 478 720 560 xo),
740 483 816 543 1111τᾶ
832 488 926 543 τοῦτον
945 483 974 558 δὴ
991 483 1037 543 τὸν
1054 480 1155 563 λόγον,
1179 482 1192 541 ὁ
1214 478 1260 558 μὲν

231 581 346 668 σώφρων
364 587 437 677 ἡμῶν
456 586 512 664 θεῷ
532 580 621 661 φίλος,
641 579 727 663 ὅμοιος
745 581 814 667 γάρ·
838 582 893 644 ὁδὶ
906 586 948 663 μὴ
959 583 1083 668 σώφρων,
1099 579 1222 662 despero}
1233 605 1262 642 re

113 743 117 749 ,
165 727 170 736 =
219 683 255 768 'ri
274 682 395 768 δοίιφοφος
414 681 436 768 'i
455 679 556 755 ἄδικος.
597 683 649 747 De
667 682 833 768 proverbio
850 684 881 746 ri
900 681 987 763 ὅμοιον
1003 687 1046 767 τῷ
1067 680 1151 767 ὁμοίῳ
1175 680 1262 761 φίλον,

232 796 271 849 ut
291 805 358 849 uno
379 782 524 848 omnium
548 782 686 847 maxime
710 782 786 849 trito
808 797 842 849 et
865 782 983 870 ubique
1004 784 1112 865 obvio,
1134 784 1263 849 nonest

235 882 323 970 quod
349 882 503 947 dicamus.
548 884 600 948 De
623 882 803 948 imitatione
831 907 868 950 ac
893 883 1096 950 similitudine
1123 883 1264 949 hominis

231 1006 307 1051 cum
328 986 401 1050 Deo
419 1005 477 1071 per
490 982 615 1049 virtutis
632 984 768 1049 studium
788 985 990 1073 acquirenda,
1008 986 1081 1050 satis
1103 986 1151 1063 fit,
1174 998 1212 1049 ut
1231 985 1261 1049 in

233 1107 267 1153 re
281 1085 414 1151 minime
428 1085 572 1163 obscura,
595 1086 730 1150 nostram
752 1087 943 1173 cognoscere
962 1086 1261 1150 animadverfionem

230 1185 271 1251 ad
287 1185 446 1254 Plutarchi
461 1185 604 1250 libellum
623 1187 675 1250 De
694 1187 771 1250 Sera
785 1188 887 1252 Num.
902 1185 1000 1251 Vind.
1023 1209 1055 1272 p.
1073 1203 1125 1269 27.
1147 1185 1261 1273 prioris

230 1287 400 1367 editionis3
424 1286 520 1373 hujus
533 1309 566 1373 p.
576 1288 653 1371 55b.
666 1288 711 1365 D,
723 1290 762 1352 E.
914 1380 915 1383 Ἴ

274 1408 307 1473 p.
323 1405 377 1471 31.
392 1389 435 1450 A.
457 1387 615 1469 *μεγάλω
637 1389 771 1460 δοκοῦντος
793 1386 869 1471 clm]
902 1387 1047 1451 Stobaeus
1067 1389 1169 1453 Serm.
1187 1387 1260 1451 XX.

230 1508 265 1574 p.
283 1503 353 1568 174.
374 1485 444 1551 haec
466 1488 571 1564 verba,
593 1484 779 1572 quibusdam
801 1487 928 1565 omissis,
951 1507 1117 1572 perperam
1131 1489 1188 1551 sub
1202 1510 1260 1551 no·

230 1586 318 1651 mine
331 1587 475 1674 Dionysii
489 1586 713 1652 Halicamassei
728 1587 843 1652 babet:
861 1586 931 1651 “Ort
944 1589 1059 1672 μεγάλε
1076 1588 1124 1664 sul
1137 1592 1260 1660 δοκῡντος

230 1687 294 1768 tiraq
309 1685 929 1777 1111)ἔντοςτοῦνιςοοτιονόφγῗις,ἡοοςὸνοοοινί1
949 1697 964 1765 ἡ
984 1693 1259 1771 consistimu-

230 1796 345 1879 perieris
358 1787 465 1871 μείζων.
634 1872 640 1881 .

271 1910 325 1974 31.
340 1893 383 1955 A.
406 1890 516 1968 Μηκέτι
534 1899 578 1956 νῦν
592 1894 622 1973 μ’
637 1890 794 1978 &gisae-q
822 1890 913 1956 Iliad.
929 1895 973 1954 Ω.
991 1894 1068 1975 560.
1087 1893 1174 1975 561.
1182 1894 1257 1976 569.

229 2007 307 2079 570·

270 2115 326 2179 31.
341 2096 379 2160 B.
395 2100 452 2172 ,Μὴ
466 2101 480 2160 ὀ
493 2096 543 2178 μὲν
554 2096 753 2183 ἀχνομὲνΗ
779 2096 870 2162 Iliad.
883 2101 924 2159 Ω.
939 2097 1015 2180 584.

270 2215 325 2281 31.
340 2197 379 2261 C.
402 2197 618 2284 ὁἈγησίλοιος]
652 2201 801 2264 Sumtum
821 2222 839 2262 e
861 2197 1083 2284 Xenophontis
1099 2197 1260 2285 Agefilao,

230 2298 249 2361 ti
264 2297 342 2383 qnid
358 2298 484 2383 judico,
503 2299 648 2364 uberiore
662 2321 759 2385 quam
782 2322 868 2364 nnnc
882 2300 926 2363 cst
939 2314 972 2363 et
985 2316 1159 2385 germano:
1184 2323 1260 2365 nam

228 2400 411 2486 hujusmodi
429 2402 592 2467 sudorem
609 2402 734 2466 secutus
749 2405 792 2467 est
807 2402 996 2468 Plutarchus
1017 2403 1049 2466 in
1069 2404 1146 2468 Vita
1167 2406 1260 2490 Age·

198 2582 208 2589 ἱ
228 2503 291 2567 silai
317 2525 348 2587 p.
363 2509 437 2570 602.
451 2504 495 2581 A,
512 2507 549 2568 B.
568 2518 602 2568 et
621 2501 790 2590 Apophth.
802 2527 842 2590 p.
850 2523 923 2588 209.
939 2506 984 2568 D.
1007 2527 1079 2589 quae
1097 2504 1171 2569 sarie
1189 2519 1261 2568 ma-

227 2604 278 2691 gis
292 2604 560 2689 Xenophonteam
575 2604 731 2671 rationem
752 2604 1000 2696 suavitatemque
1015 2604 1144 2691 spirant,
1160 2628 1259 2691 quam

227 2728 301 2791 quae
324 2705 493 2770 traduntur
515 2706 547 2769 in
569 2729 608 2769 eo
630 2705 685 2791 qui
707 2705 803 2771 hodie
826 2707 927 2771 fertur
952 2708 1009 2771 sub
1033 2707 1261 2792 Xenophontis

227 2806 357 2871 nomine
371 2807 519 2892 Agesilao
540 2828 575 2893 p.
588 2811 663 2871 666.
679 2808 720 2885 C,
734 2809 779 2871 D.
794 2807 874 2871 edit.
886 2809 1022 2873 leuncl.
1055 2808 1204 2894 Respexit
1216 2810 1259 2874 ad

226 2909 290 2974 hoc
312 2907 449 2995 Agesrlai
470 2907 589 2975 fabium
606 2908 795 2973 Plutarchus
810 2894 937 2995 infra'p.
953 2911 1004 2973 81.
1019 2914 1068 2975 A:
1093 2911 1258 2976 Maximus

225 3011 305 3097 Tyr.
323 3008 402 3074 Diss.
417 3009 523 3073 XXV.
538 3027 571 3092 5.
594 3008 664 3072 vide
679 3009 786 3072 Daris.
821 3010 1052 3074 Valckenarius
1073 3013 1187 3090 noster,
1203 3012 1259 3098 qui

225 3110 348 3196 primus
370 3108 460 3188 vidit,
482 3125 569 3174 certe
589 3108 720 3174 subinde
742 3109 775 3173 in
796 3110 1001 3196 scriptis'suis
1023 3113 1258 3196 pronunciavit,

223 3231 414 3300 germanum
436 3233 473 3276 ac
495 3210 660 3298 proprium
682 3211 909 3296 Xenophontis
929 3211 1047 3277 librum
1072 3215 1256 3301 Agesilaum

225 3311 359 3399 periisse,
384 3334 442 3376 nos
465 3333 551 3376 nunc
574 3334 638 3376 non
659 3311 712 3375 uisi
734 3313 874 3397 spurium
892 3335 930 3377 ac
949 3315 1182 3400 supposititium
1198 3317 1256 3381 ha·

225 3417 312 3492 bere,
342 3413 528 3478 sententiam
559 3414 646 3479 suam
672 3436 737 3478 non
763 3415 910 3500 persuasit
936 3415 1156 3500 compluribus
1184 3419 1257 3482 viris

224 3514 340 3594 dusiis,
367 3514 541 3599 presertim
562 3513 736 3580 editoribus
762 3515 916 3582 librorum
944 3518 1256 3603 Xenophontcorum

223 3613 261 3684 in
282 3611 466 3679 Germania.
508 3614 580 3678 Nec
602 3612 683 3678 mihi
704 3614 911 3699 persuadebat
937 3629 1014 3680 ante
1041 3617 1103 3681 hos
1124 3617 1258 3706 triginta

225 3734 327 3779 annos
346 3733 475 3777 mecum
495 3711 655 3792 disserens,
669 3712 786 3779 librum
802 3715 834 3784 in
853 3715 1000 3780 manibm
1018 3716 1151 3798 babens,
1165 3744 1256 3788 com-

223 3811 332 3901 plures
357 3810 506 3896 deinceps
527 3810 614 3878 locos
636 3812 826 3900 praelegens,
847 3814 888 3878 ad
912 3816 1049 3902 singulos
1075 3819 1255 3904 subjiciens,

221 3915 278 3981 hoc
289 3927 362 3978 certe
380 3937 438 3978 11111
450 3913 490 3999 est
502 3914 764 4001 Xenophontem:
786 3916 947 3981 dubitanti
960 3933 994 3982 et
1014 3919 1161 4004 quaedam
1183 3945 1255 3997 nro-

224 4018 313 4085 nenti
338 4016 510 4104 respondit,
536 4017 573 4078 de
594 4016 640 4079 bis
662 4041 721 4081 non
743 4016 781 4104 ss
800 4018 1022 4107 disputandum,
1047 4023 1107 4087 elio
1133 4036 1258 4113 tempore

221 4121 332 4207 releges
354 4119 574 4209 Xenophontem
594 4130 623 4182 ct
644 4118 751 4183 retiius
760 4119 928 4206 judicabis.
967 4124 1069 4209 Atqui
1093 4127 1255 4212 tuncjam

222 4221 393 4310 quinquies
404 4220 557 4309 legeram.
600 4222 699 4289 Nunc
714 4243 779 4309 quo
796 4222 899 4310 inagis
919 4226 1082 4312 progressu
1098 4228 1202 4293 etatis
1220 4244 1254 4293 ct
