2684 4762
218 348 258 422 70
330 353 369 410 D.
383 340 434 410 W.
454 346 847 411 ANIMADVERSIONES
868 352 916 410 IN
936 341 1141 412 LIBELLUM

217 512 445 577 consuetudine
462 512 686 577 proverbium:
710 513 829 599 dequo
845 514 989 578 rideatur
1007 516 1052 579 H.
1067 513 1185 580 lunius
1207 515 1247 581 arl

216 608 338 678 Erasmi
358 613 495 701 Adagia,
518 634 551 698 p.
569 628 648 700 195:
674 627 707 677 et
724 614 767 678 A.
782 614 936 678 Schottus
950 615 990 678 ad
1003 616 1141 679 Metrica
1157 618 1248 681 Prov.

220 731 293 778 τεο.
314 736 346 801 p.
359 717 435 799 585.

260 835 290 881 2.
304 818 348 882 D.
370 815 448 903 πόνῳ
468 816 637 899 καμφθέντες
660 820 699 880 εἶδ’
713 816 746 880 ἂν
765 815 790 880 el
799 844 826 879 rr
841 816 946 901 γόνοιτο
966 821 1013 895 τὴν
1031 821 1062 895 ἐξ
1083 823 1175 906 ἀρχῆς
1196 820 1244 884 δό·

138 975 145 991 ,
216 942 303 981 ramo
317 916 465 982 ἄναλαόεῖν
479 920 638 1007 νόθιιωςόαν]
666 922 746 984 Rara
762 920 834 983 sane
848 919 986 984 formula
1004 923 1043 983 rii'
1056 919 1089 984 ἂν
1107 921 1135 984 εἴ
1148 948 1176 984 τι
1191 923 1244 1007 γε’·

214 1044 295 1098 νοιτο,
318 1021 465 1109 quidquid
471 1020 550 1107 fiat,
568 1045 605 1083 ne
616 1021 650 1106 ſs
662 1021 759 1083 omnia
777 1020 893 1106 quidem
903 1020 1002 1108 fiant,
1018 1021 1050 1085 in
1064 1045 1129 1108 qua
1141 1024 1244 1109 expli·

214 1120 315 1186 canda
328 1144 457 1208 opernm
472 1121 677 1208 perdiderunt
698 1144 762 1186 non
777 1122 879 1187 solum
901 1123 997 1211 hujus
1019 1123 1118 1188 libelli
1137 1124 1242 1189 edito·

213 1243 275 1300 res,
297 1221 349 1286 sed
366 1223 431 1301 alii,
454 1222 509 1308 qui
531 1222 618 1286 hunc
640 1222 747 1287 locum
767 1223 836 1288 aliis
854 1224 886 1287 in
909 1224 1031 1310 scriptis
1052 1224 1241 1309 attigerunt.

213 1327 257 1392 D.
274 1326 420 1391 Heinfius
433 1326 472 1390 ad
483 1325 644 1391 Theocrit.
660 1327 709 1390 Id.
723 1329 817 1392 Vlll.
838 1349 871 1413 p.
885 1346 959 1414 347.
976 1342 1140 1414 comparat
1161 1325 1242 1393 illud

213 1433 252 1495 ll'
266 1427 316 1493 ciri
332 1430 441 1507 πόθοις,
461 1441 494 1492 et
514 1429 653 1492 nostrum
674 1428 782 1493 locum
798 1429 900 1494 citans
915 1433 954 1491 εἶδ’
968 1428 1029 1491 εἴτε
1044 1428 1144 1512 γόνοιο,
1160 1429 1242 1493 forte

212 1552 329 1608 errore,
347 1552 406 1594 nec
421 1528 506 1593 enim
520 1528 565 1593 ita
583 1529 615 1592 in
631 1529 712 1593 libro
726 1529 866 1615 quodam
887 1531 942 1610 est,
965 1552 1024 1595 nec
1047 1531 1126 1595 dicit
1149 1533 1178 1595 se
1197 1533 1241 1596 ita

212 1630 402 1711 emendare3
437 1654 643 1718 quamquam,
673 1632 692 1694 fi
720 1632 764 1696 ita
789 1632 946 1718 scripfillet
974 1633 1076 1696 noller
1101 1633 1239 1697 Pseudo·

212 1730 412 1804 Plutarchus,
427 1730 617 1819 elegantiam
632 1732 756 1795 secutus
771 1730 884 1794 fuisset.
929 1730 991 1795 Sed
1006 1730 1058 1794 iste
1074 1730 1239 1795 rhetoricre

211 1831 363 1897 studiosus
384 1831 508 1895 videtur
526 1833 567 1896 ab
586 1830 720 1897 Aristide
743 1830 872 1908 duxisse,
890 1830 945 1917 qui
967 1830 1079 1894 eadem
1102 1830 1239 1895 formula

210 1932 323 2012 utitur,
347 1933 435 1999 Ornt.
459 1934 553 1997 Sacra
576 1934 633 1996 lV.
656 1954 688 2019 p.
702 1951 786 2016 329:
813 1929 1031 2019 ἀποκριναμένων
1049 1940 1104 1995 τῶν
1128 1932 1237 1996 παίδων

211 2032 251 2098 ότι
273 2039 387 2122 appeler,
410 2032 457 2114 reni
477 2035 528 2097 οὐδ’
547 2032 579 2098 όν
601 2030 648 2097 ὅτι
663 2033 798 2117 γίγνοιτο,
814 2033 978 2113 κινησοόμην,
998 2032 1120 2108 ἀπιόντες
1133 2033 1238 2120 ᾤχοντο

209 2137 282 2225 πρός
303 2138 436 2225 ὄςγῆμ·
459 2160 548 2224 quum
559 2134 678 2222 famuli
698 2135 754 2197 mci
772 2135 872 2197 nautis
891 2134 1029 2212 dicerent,
1047 2157 1092 2196 eos
1112 2136 1237 2222 nugari,

207 2262 260 2303 nec
274 2265 328 2321 mc,
347 2239 496 2326 quidquid
515 2239 633 2300 tandem
643 2235 748 2323 fieret,
770 2260 806 2297 ex
825 2237 876 2297 hoc
894 2233 952 2299 Ioco
968 2235 1150 2322 disccffurunr
1173 2238 1236 2323 effi,

208 2340 281 2404 irati
302 2336 448 2402 abierunt.
493 2337 575 2401 lbid.
601 2359 633 2422 p.
649 2355 732 2422 339:
765 2337 804 2397 εἶδ’
825 2333 859 2398 ἂν
881 2335 929 2399 ἔτι
950 2335 1066 2420 γένοιτο,
1089 2344 1237 2419 μεταθοῖτο

193 2446 262 2506 ’τῶν
284 2439 445 2524 δεδογμένων
466 2437 546 2501 οὐδέν·
570 2437 717 2525 quidquid
733 2460 784 2523 ego
800 2447 952 2515 tentarem,
974 2450 1146 2502 nontamen
1163 2457 1234 2530 pro·

203 2534 327 2631 postium
345 2552 485 2604 mutaret.
528 2542 570 2604 Et
593 2539 683 2603 Philo
695 2538 827 2603 Judaeus
840 2539 980 2625 usurpat,
995 2542 1075 2627 Leg.
1089 2541 1235 2629 Allegor.

208 2644 252 2709 ll.
275 2666 308 2731 p.
330 2646 383 2707 61.
402 2643 444 2707 D.
473 2645 511 2704 ill*
534 2639 567 2704 air
589 2640 639 2704 ὅτι
659 2641 775 2726 γε’νοιτο,
798 2642 936 2726 ἐκφεύγειν
962 2638 1009 2722 κο)
1029 2643 1235 2730 όιιιοιεςόιιῖεθοις

207 2746 383 2828 δονηθένμεν.
412 2745 463 2810 De
476 2743 586 2808 sacrif.
599 2743 711 2807 Abelis
724 2754 757 2806 et
772 2743 863 2806 Caini
880 2765 911 2828 p.
925 2763 995 2825 141.
1011 2745 1060 2808 D:
1084 2746 1124 2807 dr
1138 2744 1172 2808 ἂν
1185 2744 1233 2810 ἔτι

205 2846 310 2933 γόνοιτο
333 2847 392 2934 περὶ
417 2851 464 2922 τῆς
484 2853 537 2908 τῶν
559 2844 696 2933 παρόντοιν
717 2853 809 2906 κακῶν
829 2848 981 2931 ἀποτροπῆς
1003 2846 1182 2921 ἱκετεύσαντες
1201 2849 1235 2910 τό

190 2947 287 3009 ’θεῖον
332 2941 569 3011 Restituendum
595 2942 700 3007 eidem
724 2945 776 3006 De
802 2942 941 3006 Somniis
966 2947 1057 3025 1146.
1083 2947 1127 3008 A.
1157 2952 1233 3010 κατὰ

190 3057 328 3138 ’κρημνῶν
341 3049 387 3128 rra)
401 3051 529 3138 βάθρων,
552 3053 582 3126 ἐξ
594 3047 629 3111 ὧν
652 3051 691 3110 τόδ’
712 3047 746 3112 eir
765 3047 815 3110 εἴτε
841 3048 950 3134 (vulgo
973 3049 1025 3131 ἔτι)
1046 3049 1150 3133 γίνοιτο
1170 3054 1232 3115 διοι-

203 3157 324 3234 rafim,
339 3151 588 3238 δυνῆοεθαςρίψας.
629 3151 836 3235 Frequentius
855 3151 897 3214 est
918 3152 951 3215 in
970 3152 1033 3217 hoc
1056 3154 1114 3217 usu
1135 3160 1230 3218 ότιὲιι

203 3275 276 3320 uc.
298 3251 386 3340 apud
406 3251 655 3316 Demosthenem
680 3250 756 3316 Fals.
780 3253 860 3338 Leg.
886 3274 918 3339 p.
934 3272 1007 3334 244.
1030 3255 1081 3318 Αι
1115 3257 1177 3338 μέιῪ
1198 3256 1232 3320 ἂν

202 3358 286 3419 ὁτιοῦν
299 3352 327 3441 ᾖ,
346 3354 550 3434 arnulpum:
573 3353 720 3441 quidquid
739 3353 856 3417 tandem
866 3354 946 3440 fiat,
960 3381 1017 3419 non
1030 3381 1231 3424 commovean-

201 3467 262 3519 rur.
312 3454 372 3521 Pro
397 3455 475 3540 vlup
501 3455 621 3519 habent
645 3454 712 3538 τόνῳ
740 3454 860 3519 Fabric.
891 3454 1006 3520 Junius
1032 3478 1071 3520 ex
1097 3458 1229 3524 codice:

200 3554 244 3620 A.
260 3553 300 3619 C.
328 3553 430 3618 Mose.
448 3571 476 3616 1.
492 3572 522 3619 2.
551 3553 641 3617 Harl.
667 3553 732 3617 Pol.
756 3553 836 3618 Rod.
859 3555 947 3640 Aug.
974 3555 1056 3619 Flor.
1077 3555 1116 3620 T.
1132 3560 1174 3624 V.
1190 3561 1227 3624 B.

200 3654 303 3722 codex
322 3653 499 3744 Xylnndri:
524 3654 626 3739 magis
645 3670 751 3720 tamen
770 3656 873 3742 placet
894 3659 983 3744 πόνῳ.
1028 3658 1114 3724 Cum
1129 3683 1227 3748 argu·

199 3773 311 3825 mento
332 3771 557 3847 comparentur
578 3759 698 3822 Seneca
719 3760 779 3843 Ep.
794 3760 831 3822 L.
852 3759 943 3821 Nihil
960 3759 1090 3848 estquod
1102 3787 1160 3826 mm
1175 3788 1227 3826 er-

193 3871 309 3949 pugnct
319 3860 459 3947 pertinax
472 3875 571 3948 opera,
586 3873 616 3925 et
629 3861 741 3925 intenta
756 3885 792 3924 ac
804 3861 933 3949 diligens
948 3887 1030 3927 cura.
1065 3864 1181 3929 Robora
1196 3867 1229 3928 irr

197 3967 319 4039 νεθνινιι,
340 3961 477 4048 quamvis
487 3960 589 4047 flexa,
611 3962 781 4026 revocabis:
804 3974 947 4027 curvatas
962 3964 1059 4027 trabes
1076 3965 1157 4028 calor
1173 3990 1226 4029 er·

176 4062 308 4150 plicat:
330 4074 358 4125 et
372 4060 462 4125 aliter
474 4073 557 4125 nalae
570 4062 602 4125 ιἰι
616 4063 831 4151 idfinguntnr,
847 4066 925 4151 quod
935 4067 1001 4151 nster
1016 4065 1107 4151 noster
1120 4068 1225 4156 exigit.

198 4160 317 4226 Quanto
332 4161 465 4249 facilius
488 4163 605 4227 animus
632 4166 737 4252 accipit
753 4164 902 4252 sormam,
919 4166 1069 4252 flexibilis
1097 4179 1125 4231 el
1148 4168 1226 4232 ormi

197 4259 315 4325 όιιιιιονο
340 4261 563 4352 obsequentior?
595 4263 785 4331 Themistius
810 4266 867 4332 Or.
892 4268 984 4333 XXI.
1015 4290 1048 4355 p.
1073 4286 1146 4356 249.
1169 4271 1222 4334 A:
