2684 4762
313 334 368 396 DE
388 337 613 398 AUDIENDIS
635 336 780 397 POETIS.
800 357 829 415 p.
840 345 889 397 28.
905 335 1015 411 Ε-29,
1027 336 1060 398 Ε.
1145 339 1201 398 261

166 495 260 582 thag.
292 497 322 579 ξ.
348 502 427 586 196:
456 499 609 588 διεκςῦοιτο
632 500 659 564 δί
681 505 779 588 ὀργὰς,
803 499 936 583 dispiter,
960 499 1102 587 ταραχάς·
1128 494 1202 578 iras,

167 597 326 683 testatam,
343 605 588 690 perturbationes,
605 603 809 690 confidebant,
825 602 1024 666 removebant.

215 701 267 767 28.
285 704 319 767 F.
342 708 387 768 Oti
400 707 459 794 γάρ
476 706 520 769 σοι’
532 708 654 792 aors-]
682 704 773 769 Illad.
790 707 832 769 Α.
851 706 922 788 163.

212 803 264 867 28.
280 805 314 867 F.
338 808 440 887 nasas
452 810 551 894 rot-]
579 807 671 871 Iliad.
687 809 725 871 Β.
743 798 816 873 226⁴.

208 925 242 993 p.
254 923 305 989 29.
319 908 362 971 A.
385 907 463 970 -al'
474 908 506 971 κε’
517 914 582 971 ποθι
597 909 721 994 Ζεὺς-]
751 907 842 972 Iliad.
858 909 901 971 A.
919 909 990 972 128.

209 1008 320 1089 29.Α.
337 1005 394 1071 ’Όν
414 1035 459 1071 κον
481 1007 538 1093 lyei
556 1010 695 1094 δῆσοις-]
723 1006 870 1072 {liad.B.
887 1027 959 1093 231.
995 1009 1072 1073 Non
1095 1006 1151 1072 abe
1168 1029 1202 1072 re

162 1105 200 1170 fit
214 1109 358 1172 consenc
372 1109 542 1174 Aristidem
556 1111 594 1175 T.
611 1110 655 1174 ll.
671 1131 704 1195 p.
717 1112 793 1195 368.

209 1225 260 1292 29.
276 1209 317 1271 Α.
340 1209 469 1284 Αἶδιθεδς
482 1213 672 1297 detorsio&
701 1209 792 1275 Iliad.
808 1216 847 1273 Δ.
863 1228 938 1290 402.

209 1326 260 1392 29.
276 1310 318 1371 Α.
339 1309 517 1396 ’Arpha-4
545 1310 638 1374 Iliad.
654 1316 692 1374 Δ.
707 1331 783 1392 404.
818 1310 981 1374 Caeterum
998 1308 1200 1390 Plutarchus,

160 1409 220 1494 qui
242 1409 360 1497 ubique
385 1426 553 1496 poetarum
577 1411 663 1477 dista
690 1411 730 1476 ad
759 1409 946 1475 formandos
973 1432 1079 1475 mores
1103 1410 1201 1476 etad

162 1508 340 1595 legentium
363 1511 537 1576 utilitatem
562 1528 746 1577 convertere
771 1511 919 1591 studeret,
945 1509 1030 1575 idem
1055 1509 1201 1575 Stheneli

164 1609 286 1674 dicium
304 1610 335 1675 in
359 1610 454 1677 laude
475 1613 567 1699 ponit
586 1613 649 1678 alio
674 1614 760 1694 loco,
784 1634 888 1699 neque
910 1612 942 1676 in
967 1634 1006 1676 eo
1027 1623 1065 1676 ut
1085 1633 1200 1698 parum

163 1712 217 1776 fibi
240 1714 384 1778 constans
409 1713 600 1800 reprehendi
626 1713 744 1794 debet3
776 1713 896 1800 quippe
917 1712 973 1801 qui
998 1712 1198 1778 animadver-

164 1825 246 1876 teret
259 1813 337 1899 quid
351 1813 383 1878 in
402 1815 548 1900 qualibet
569 1837 603 1879 re
622 1815 658 1879 fit
677 1813 884 1902 sequendum,
899 1814 976 1900 quid
994 1813 1198 1901 fugiendum,

162 1913 339 1999 superbiam
354 1916 647 2002 procaeitatemque
661 1915 807 1980 adversus
826 1915 993 1979 summum
1004 1937 1114 2002 regem
1135 1915 1198 1985 im·

162 2026 405 2099 peratoremque
431 2013 568 2076 sumtam
593 2014 807 2099 vituperabat,
835 2011 876 2075 ad
901 2011 1039 2076 amicum
1062 2011 1198 2077 Diome-

163 2109 237 2174 dem
257 2111 482 2178 vindicandum
505 2114 643 2178 sumtam
666 2136 730 2177 non
748 2105 961 2198 'vituperabat
981 2111 1034 2175 sed
1047 2133 1121 2175 cunt
1137 2111 1200 2177 hac

164 2214 244 2278 adeo
264 2216 451 2302 exceptione
470 2217 519 2281 vel
538 2218 710 2288 excusabat
728 2216 776 2288 vel
794 2216 972 2302 probabnt;
997 2215 1029 2278 in
1052 2214 1133 2283 libro
1147 2214 1199 2280 Do

163 2319 218 2383 Sui
234 2319 344 2385 Laude
359 2342 392 2405 p.
401 2341 477 2404 540.
492 2323 531 2387 E.

207 2440 259 2504 29.
275 2422 313 2484 B.
334 2424 388 2496 Ὡς
402 2430 460 2506 γνῶ
472 2421 680 2508 χωομένοιο-]
707 2418 800 2486 Iliad.
815 2425 853 2482 Δ.
870 2438 888 2503 3
891 2434 945 2503 57.

208 2540 260 2606 29.
277 2521 316 2585 C.
338 2524 443 2600 Ἀλκῆν
455 2522 506 2605 μέν
519 2549 566 2606 μοι
580 2525 742 2611 westreh]
770 2521 862 2585 Iliad.
879 2523 905 2584 l.
921 2540 975 2606 34.

207 2642 259 2708 29.
274 2623 318 2686 D.
342 2623 429 2687 Auito
444 2626 581 2709 δαῖτα-]
612 2622 704 2687 Iliad.
720 2625 747 2688 l.
763 2638 815 2706 70.

207 2743 259 2810 29.
275 2725 320 2789 D.
343 2724 418 2809 Σιγῇ
441 2725 560 2801 δειδιότες
582 2725 771 2811 σημᾶιῖοροις.]
805 2721 896 2787 Iliad.
910 2729 949 2787 Δ.
962 2743 1037 2808 431.
1074 2720 1200 2788 laudat

165 2827 355 2892 Plutarchus
373 2828 548 2893 Cleomene
570 2849 603 2913 p.
619 2830 691 2892 808.
707 2830 745 2892 E.
783 2827 872 2892 Plato
888 2830 967 2912 Rep.
983 2829 1044 2890 lll.
1072 2849 1105 2914 p.
1119 2846 1197 2913 433.

164 2932 198 2992 F.
236 2928 322 2994 Dion
347 2928 461 3015 Chrys.
486 2929 543 2994 Or.
561 2931 605 2991 ll.
627 2949 660 3013 p.
676 2947 728 3013 29.
746 2928 794 2992 C:
818 2928 929 3014 ιιςοΐοιοι
948 2935 1014 3012 γοῦν
1033 2928 1109 2992 αὐτοὶ
1128 2934 1198 3014 σιγῇ

161 3028 271 3103 δεδιότες
284 3028 469 3115 σημάντορας·
492 3035 515 3091 oi
529 3029 556 3090 di
571 3026 704 3115 βάρὸοιροι
718 3033 791 3110 μετὰ
805 3032 898 3091 aetthi
910 3026 1014 3115 δοςῦὅιι
1028 3030 1050 3114 ’h
1065 3027 1196 3108 ἀταξίας,

160 3136 222 3204 ταῖς
234 3130 357 3216 γεράνοις
372 3129 478 3212 ὁμοίως.
720 3199 724 3204 ⁷

206 3249 258 3314 29.
273 3231 311 3293 Ε.
335 3228 471 3315 Πλάτων]
498 3230 574 3294 Non
590 3228 719 3315 quidem
734 3228 847 3295 diserte
861 3228 912 3293 his
926 3229 996 3316 ipfis
1008 3230 1121 3311 verbis,
1135 3252 1196 3297 neo

161 3347 271 3397 tamen
287 3333 377 3398 valde
399 3332 439 3397 ad
461 3332 649 3398 sententiam
665 3333 782 3397 diverse
802 3332 834 3396 in
853 3331 992 3397 Platonis
1012 3332 1101 3398 libris
1114 3354 1195 3400 oon·

164 3435 323 3521 signatum
342 3434 536 3520 reperimus:
561 3434 659 3498 veluti
674 3436 754 3522 Leg.
771 3435 813 3497 X.
835 3456 869 3520 p.
885 3434 960 3499 680.
977 3435 1019 3497 G.
1054 3433 1197 3502 Similius

161 3537 258 3602 etiam
286 3537 319 3601 in
343 3535 490 3622 Agesilao
514 3557 547 3622 p.
561 3538 637 3621 596.
653 3535 698 3599 E:
722 3533 796 3621 ossa
820 3536 911 3617 μηδὲν,
930 3535 1030 3623 aspris„
1054 3536 1081 3599 ll
1102 3536 1196 3601 πάντα

146 3644 243 3703 ποιεῖν
266 3645 303 3704 τοὶ
326 3638 555 3727 οιςοοτατῖὅμενα·
589 3635 635 3718 ml
658 3641 713 3712 τοῖς
733 3637 831 3722 ψόγοις
854 3638 1016 3722 &tysedim
1035 3641 1195 3722 amoni)

161 3742 222 3814 τοὺς
244 3742 345 3818 πόνους
369 3741 535 3826 βαρόιεθοο·
568 3738 621 3803 cui
648 3737 799 3826 congruit
819 3739 897 3803 Vll.
923 3740 997 3826 Sap.
1026 3740 1129 3806 Cone.
1158 3762 1193 3828 p.

144 3872 147 3877 ¹
164 3860 236 3925 154.
251 3844 290 3909 Ε,

207 3966 259 4032 29.
271 3950 309 4020 Ε.
332 3950 447 4034 Κάτων]
475 3949 557 4013 Cato
571 3945 691 4035 Major,
706 3949 900 4038 cognomine
916 3950 1079 4037 Cerfforim.
1102 3948 1193 4015 Idem

160 4045 230 4133 ejus
252 4045 373 4111 dietum
394 4050 492 4113 refert
515 4049 704 4114 Plutarchus
728 4048 761 4114 in
784 4049 862 4115 Vita
883 4049 979 4136 hujus
1004 4048 1137 4114 Catonis
1159 4070 1192 4136 p.

161 4148 294 4233 341.C.
329 4148 576 4238 Apophthegm.
593 4171 627 4238 p.
641 4151 712 4237 198.
728 4154 771 4216 A.
808 4151 995 4217 DeVrtioso
1014 4150 1138 4217 Pudore
1156 4174 1191 4243 p.

126 4294 129 4298 -
159 4250 236 4334 528.
252 4251 287 4314 P.
325 4247 435 4317 Simile
457 4250 614 4341 Diogenis
640 4251 757 4340 Cynici
779 4251 877 4319 refert
898 4251 1063 4341 Diogenes
1083 4253 1190 4321 laert.

659 4370 711 4438 ⁸3
