2684 4762
328 325 384 385 ua
403 321 629 384 auumnnrs
651 323 796 383 rosus.
816 324 1002 400 p.18.C,D.
1123 334 1180 389 aaa

147 509 259 554 merus
281 485 419 552 indicata
443 486 702 573 quandoquidem
724 488 889 574 Diogenes
912 488 978 551 fere
996 487 1028 551 iu
1048 509 1184 552 enume-

151 588 259 656 randis
282 588 488 676 homonymis
510 587 654 652 ordinem
675 588 778 652 aetatis
797 588 884 672 sequi
898 588 986 652 solet.
1023 590 1099 675 Quo
1112 611 1184 652 ma·

149 694 201 781 gis
223 693 323 758 miror
348 691 589 757 eruditissimum
610 696 640 757 J.
661 695 702 756 A.
724 693 903 757 Fabricium
925 693 1008 756 Bibl.
1032 695 1089 758 Gr.
1109 693 1184 758 Vol.

142 798 195 861 ·11.
222 817 255 881 p.
269 798 344 882 692.
366 818 421 861 eos
442 810 499 858 aut
519 817 577 881 pro
596 817 662 859 uno
680 794 857 879 eodemque
872 795 1024 875 habuisse,
1045 811 1185 861 autnon

150 893 314 980 perspicue
330 893 505 957 distinxisse.
539 894 701 958 Caeterum
720 893 866 979 τροχιλίας
880 894 969 980 asper
987 907 1020 957 et
1040 894 1186 980 ingratus

151 996 245 1060 sonus
267 995 331 1080 ipse
354 1018 481 1081 quoque
503 995 659 1079 proverbii
681 995 773 1059 instar
795 996 884 1060 fuisse
903 995 1027 1060 videtur
1046 1019 1084 1060 ex
1098 996 1187 1061 dicio

151 1097 292 1161 Socratis
316 1097 402 1184 apud
425 1097 608 1182 Diogenem
630 1100 736 1163 Laert.
753 1099 797 1162 11.
811 1099 864 1182 36.
884 1097 924 1162 de
939 1100 1088 1162 Socrate:
1111 1101 1186 1186 οτςός

147 1195 326 1275 Ἀλκιὲιίιδην
349 1198 469 1275 εἰπόντα,
492 1201 526 1271 ὠς
550 1201 585 1260 ἐκ
607 1202 704 1276 ἀνεκτὴ
727 1205 742 1275 ἡ
764 1199 912 1276 Ξανθίππη
929 1202 1087 1286 λοιδορὲοοι,
1101 1203 1185 1264 Ἀλλ’

150 1297 248 1385 ἔγωγ’,
272 1299 331 1380 ἔφη,
352 1299 525 1381 συνείθιομαρ
547 1298 695 1385 καθαπερεί
716 1301 737 1386 ’i
759 1300 905 1386 τροχιλίας
926 1301 1031 1364 ἁκούων
1051 1310 1184 1388 συνεχῶς.

151 1402 203 1466 Ita
223 1401 323 1477 enim,
345 1415 497 1464 monente
520 1401 688 1487 Menagio‚
713 1424 732 1464 e
755 1402 853 1466 Suida
871 1425 940 1467 voc.
960 1405 1115 1490 Τροχιλίας
1134 1402 1185 1468 ie-

151 1501 294 1590 gendum
322 1524 380 1587 pro
405 1501 536 1587 vulgato
557 1502 756 1590 -τροχηλέας
778 1504 882 1572 ἁκούων
907 1504 1031 1590 συνεχές.
1077 1505 1188 1569 Simile

150 1605 317 1670 Ciceronis
339 1605 432 1669 Tusc.
456 1607 498 1666 V.
520 1624 583 1685 40:
613 1605 657 1668 Al
689 1605 799 1692 (surdi)
829 1631 926 1670 vocem
952 1608 1107 1672 citharoedi
1130 1631 1188 1672 non

150 1707 299 1771 audiunt:
323 1706 371 1769 Ne
380 1704 540 1790 stridorem
562 1706 677 1792 quidem
689 1709 789 1792 sima
807 1719 881 1786 tum,
897 1733 959 1772 mm
974 1710 1112 1774 acuitur:
1135 1722 1189 1775 aut

149 1810 339 1897 grunnitum,
356 1833 418 1872 cum
430 1807 610 1896 jugulatur,
621 1808 714 1895 siais:
740 1832 802 1887 nec,
823 1835 887 1872 cnm
909 1811 1048 1896 quiescere
1066 1811 1186 1893 talant,

141 1910 301 1996 fremitum
314 1907 524 1971 murmurantis
537 1909 640 1972 moris.

133 2061 135 2067 .
198 2014 250 2075 18.
266 2014 307 2077 C.
331 2012 389 2091 Ka}
410 2011 508 2087 νοσώδη
525 2013 575 2092 μὲν
597 2009 736 2097 ἄνθρωπον
759 2011 805 2091 noi
826 2009 929 2075 ὅτυλον
948 2016 983 2088 ὥς
1001 2014 1114 2099 ἀτερπὲς
1136 2013 1185 2077 Si·
1280 2000 1283 2006 Δ

150 2142 216 2196 αμα
229 2115 373 2198 φιιίγομιν·
397 2117 442 2177 τὸν
463 2115 490 2176 δὲ
509 2117 704 2200 Ἀριςοςῶντος
722 2115 908 2193 Φιλοκτῆτην,
928 2115 1010 2200 ‘ivi'
1024 2115 1188 2195 Σιλανίωνος

151 2217 278 2294 ’landent
293 2217 387 2298 ὁμοίως
402 2217 513 2299 edivam
528 2215 574 2290 noi
588 2215 779 2293 ἀποθνήσκοντι
793 2217 978 2298 πεποιημένος
993 2223 1101 2303 ὁρῶντες
1113 2219 1188 2304 χαί-

152 2322 259 2406 ρομεν]
292 2320 466 2383 Geminum
489 2317 708 2383 adhibendum
731 2318 775 2382 est
797 2332 994 2403 praeceptum
1020 2342 1038 2383 e
1057 2322 1189 2406 gemino

151 2421 273 2506 capite,
297 2423 409 2508 Symp.
425 2423 470 2486 V.
488 2441 516 2483 1.
541 2441 573 2504 p.
590 2422 664 2503 674.
678 2422 733 2483 A:
760 2418 806 2498 noti
826 2425 883 2506 γὰρ
906 2421 948 2483 ἐπί
969 2430 1022 2484 τῶν
1039 2422 1190 2505 θεαμάτων

152 2527 235 2609 ὅμοια
248 2527 437 2608 πεπόνθαμεν·
455 2525 605 2611 ‘ariadnes
618 2527 668 2610 μὲν
681 2530 738 2611 γὰρ
752 2528 974 2603 ἀποθνήσκοντας
989 2526 1034 2607 καὶ
1047 2538 1190 2605 νοσοῦντας

153 2634 269 2716 ἀνιαρῶς
290 2634 401 2715 ὁρῶμεν·
424 2629 469 2690 τὸν
491 2628 518 2689 δὲ
541 2626 734 2712 γεγραμμένον
754 2628 939 2707 Φιλοκτῆτην,
961 2631 983 2715 τὲ
1002 2635 1049 2708 τὴν
1068 2647 1189 2695 werna·

153 2728 254 2810 σμένην
274 2729 411 2804 Ἰοκάς-ην,
433 2726 461 2803 ἧς
482 2745 565 2808 φασιν
591 2731 626 2800 εἷς
648 2728 679 2788 τὸ
702 2725 850 2811 πρόσωπον
874 2728 984 2814 ἁργοίςιι
1005 2754 1032 2791 τι
1052 2731 1191 2813 συμμίξαι

152 2836 199 2898 τὸν
225 2832 366 2918 τεχνίτην,
395 2830 463 2904 ὅπως
490 2829 644 2903 ἐκλιπόντος
674 2830 805 2915 &aigeina
833 2829 878 2910 aa)
903 2833 1088 2918 μαραινομένιι
1116 2832 1190 2923 λάθῃ

150 2936 333 3024 περιφάνειαν
352 2940 365 2996 ὁ
380 2934 506 3019 χαλκὸς,
522 2932 641 3013 ἡδόμεθα
655 2933 676 3016 ’i
690 2933 876 3012 θαυμάζομεν.
915 2936 965 2996 lta
980 2934 1066 2999 hunc
1081 2936 1191 3002 locum

154 3037 355 3124 corrigimus.
394 3033 586 3121 Aristophon
606 3033 722 3119 picior,
738 3033 878 3098 Silanion
894 3034 1069 3113 statuarius,
1085 3048 1123 3098 ut
1135 3056 1191 3100 ce-

154 3141 257 3205 lebres
290 3140 426 3203 artifices
456 3137 627 3202 Veteribus
655 3155 891 3200 memorantur:
923 3151 957 3199 at
984 3135 1054 3200 haec
1083 3159 1191 3222 opera,

156 3241 242 3305 illius
266 3239 470 3318 Philoctetes,
489 3237 585 3325 hujus
597 3238 732 3315 Jocaste,
748 3260 812 3301 non
832 3237 885 3300 nist
904 3260 942 3301 ex
961 3236 1011 3301 his
1031 3236 1194 3303 Plutarchi

136 3344 376 3410 ·mentionibus
398 3341 439 3406 ad
462 3340 676 3427 posteritatem
699 3339 826 3424 prodita
841 3339 925 3401 sunt.
961 3337 1118 3402 Videatur
1131 3341 1193 3405 Just

158 3446 232 3511 nius
254 3445 285 3507 in
305 3444 463 3529 Catalogo
485 3440 656 3505 Artificum
679 3460 712 3525 p.
726 3459 779 3524 31.
794 3452 827 3502 et
845 3459 916 3526 ¹99·

205 3547 255 3609 18.
270 3547 315 3609 D.
339 3543 477 3630 Θερσίτης
500 3547 512 3604 d
534 3543 727 3626 γελωτοποιὸς,
748 3539 763 3617 ἢ
783 3540 903 3622 Σίσοφος
923 3547 936 3605 ὁ
955 3544 1077 3629 φθορεὺς,
1094 3543 1110 3622 ἢ
1129 3544 1192 3608 Βοί-

156 3673 265 3733 τραχος
279 3652 292 3708 ὁ
307 3643 539 3732 arpasiocum-q
562 3642 925 3729 Therfitessrgniticatur
942 3646 1137 3710 Homericus
1152 3644 1193 3711 il.

159 3752 197 3814 B.
220 3767 303 3826 2123
337 3749 421 3811 forte
444 3745 542 3809 etiam
563 3745 604 3809 ab
627 3743 697 3807 aliis
718 3744 821 3828 poetis
843 3744 976 3809 ridicula
996 3745 1120 3832 jaciens
1142 3748 1193 3812 in-

158 3851 287 3929 ductus,
304 3873 363 3914 nec
378 3871 442 3914 una
460 3848 515 3911 illa
530 3846 665 3911 Homeri
681 3845 888 3932 descriptione
902 3846 1092 3912 celebratur.
1130 3849 1194 3912 Ba-

155 3952 288 4016 trachus
314 3950 387 4014 leno
411 3971 448 4012 ex
472 3944 671 4011 Menandrea
695 3945 902 4010 videturesse
926 3945 1107 4026 Comoedia,
1134 3969 1195 4014 nee

159 4053 213 4117 nifi
243 4075 308 4116 una
335 4050 395 4113 hac
424 4047 586 4114 Plutarchi
613 4047 776 4111 mentione
806 4047 898 4111 nobis
925 4047 1085 4112 innotuit:
1119 4070 1195 4114 nam

159 4155 255 4232 alius,
277 4151 385 4230 credo,
407 4151 450 4214 est
471 4148 649 4214 Batrachue
674 4147 727 4212 ille
747 4146 871 4213 delator
893 4147 1032 4212 Athenis
1056 4149 1113 4214 sub
1137 4150 1195 4214 tri-

161 4254 255 4343 ginta
275 4251 415 4337 virorum
437 4248 616 4338 tyrannide,
638 4247 724 4337 apud
743 4247 870 4336 Lyfiam
892 4246 962 4315 adv.
976 4245 1138 4318 Andocid.
1159 4272 1194 4340 p.
