2684 4762
310 360 313 371 ’
381 343 436 405 DE
453 342 681 413 Auumnms
702 342 854 415 POE'I'IS.
867 348 956 420 P·'14·
970 343 1010 403 D.
1035 396 1042 418 .,
1134 345 1188 410 161

158 503 219 568 aevi
232 474 450 594 longinquitas
468 523 503 575 et
516 508 685 576 hominum
700 520 856 594 perpetua
868 504 1034 571 admiratio
1052 504 1191 591 speciem

160 606 409 696 opinionemque
420 612 592 698 quamdam
607 611 780 676 divinitatis
793 608 992 697 adjunxillet,
1001 632 1098 697 quam
1110 631 1191 674 con-

159 709 263 774 futare
285 712 497 797 periculosum
514 717 609 796 effet3
634 715 822 782 Plutarchus
842 714 999 779 rationem
1019 713 1191 800 dehgnevit
1262 701 1265 706 ¹

156 815 194 876 ri
212 812 307 876 darier
324 823 377 878 τῶν
393 819 561 900 ποιημάτων,
581 815 767 904 intelligendi
786 828 931 903 poemata,
948 828 1019 901 quie
1039 815 1118 879 ratio
1131 814 1190 880 ad·

156 912 323 982 biberetur
344 918 383 983 iis
405 921 496 1001 locis,
512 921 568 1008 qui
589 945 608 985 a
626 944 700 986 vero
714 920 863 1006 rectoque
883 918 978 983 alieni
996 917 1190 997 viderentur,
1223 965 1224 968 κ

157 1027 255 1100 atque
270 1016 315 1081 ita
328 1019 546 1099 adhiberetur,
560 1037 598 1086 ut
612 1022 645 1086 in
660 1007 808 1085 discentis
821 1020 929 1084 animo
946 1041 1006 1084 nec
1019 1016 1190 1083 auctoritas

158 1115 264 1180 Poetae
287 1119 475 1204 pravitatem
500 1121 577 1187 diui
598 1119 849 1200 commendaret,
875 1141 934 1184 nec
956 1118 1092 1204 pravitas
1113 1116 1192 1182 disti

156 1218 381 1288 austeritatem
405 1222 510 1286 Poeta
532 1222 747 1286 labefactaret.
783 1223 859 1285 Hoc
881 1235 949 1285 erat
970 1218 1135 1306 ejusmodi,
1151 1231 1190 1283 ut

156 1318 313 1406 interpres
335 1335 368 1385 et
383 1321 530 1408 magister
543 1322 598 1386 ista
612 1322 696 1388 dieta
718 1321 807 1387 omni
828 1321 952 1386 ratione
972 1319 1133 1398 trattaret,
1155 1319 1189 1384 in

154 1441 270 1486 omnes
289 1434 396 1509 partes
415 1437 565 1503 verteret,
583 1422 685 1489 donec
704 1435 777 1488 eam
796 1424 977 1508 praeberent
990 1421 1110 1501 ansam,
1125 1443 1191 1508 qua

154 1521 351 1608 apprehensa
364 1522 397 1589 in
411 1524 600 1590 sententiam
616 1524 836 1613 redigerentur
848 1523 1091 1590 convenientem
1111 1545 1189 1588 cum

155 1620 330 1702 honestate,
359 1645 418 1688 nec
444 1639 680 1712 repugnantem
704 1624 753 1694 vel
778 1624 891 1711 pietati
913 1646 991 1712 erga
1016 1625 1116 1703 Deos,
1140 1629 1191 1694 vel

148 1720 279 1808 justitias
304 1745 381 1810 erga
406 1725 565 1805 homines,
588 1725 637 1791 vel
666 1711 859 1812 reliquarum
885 1726 996 1790 officiis
1021 1727 1189 1805 virtutum,

155 1825 345 1911 prudentiae,
371 1828 580 1907 fortitudinis,
606 1828 840 1913 temperantia.
884 1827 1023 1892 Difficile
1044 1828 1190 1914 profedto

145 1926 337 2012 negotium,
353 1928 607 2015 bonampotius,
626 1950 720 2015 quam
739 1928 902 2026 propriam
914 1928 1065 2012 suamque
1081 1929 1190 1991 Poetae

155 2023 330 2114 adjungere
350 2028 539 2093 sententiam
555 2053 563 2091 r
590 2028 765 2115 presertim
780 2027 800 2090 sr
815 2029 968 2113 interpres
983 2025 1134 2092 abstineat
1148 2026 1190 2091 ab

154 2124 329 2213 allegoria:
353 2131 441 2213 quod
455 2133 532 2196 fecit
549 2130 748 2211 Plutarchus,
764 2128 999 2215 reprehendens
1014 2128 1094 2193 adeo
1109 2127 1188 2192 alle·

145 2228 283 2316 -goricos
304 2229 494 2314 interpretes
516 2255 548 2317 p.
567 2253 616 2316 19.
631 2235 669 2295 E.
692 2251 747 2316 39.
761 2233 805 2294 A.
848 2231 1056 2318 Quamquam
1074 2226 1188 2317 ‘rediis-

154 2329 224 2394 timi
246 2329 327 2396 adeo
344 2331 460 2418 judicii
483 2333 622 2397 Critieus
647 2333 814 2420 longinus
832 2332 873 2396 de
893 2331 982 2397 Subl.
1000 2333 1059 2396 lX.
1082 2332 1189 2401 statuit

154 2428 337 2523 complures
358 2430 496 2497 Homeri
517 2431 606 2497 locos
629 2453 694 2496 non
716 2432 770 2496 nifi
792 2453 851 2518 per
864 2430 1051 2517 allegoriam
1069 2433 1110 2497 ab
1124 2431 1186 2495 im-

153 2529 287 2615 pietatis
307 2531 441 2598 crimine
455 2532 607 2600 vindicari
625 2531 721 2619 polle.
764 2535 807 2598 Et
828 2533 898 2597 hec
920 2532 1048 2619 proprie
1070 2531 1188 2598 dicitur

153 2632 318 2719 allegoria,
345 2656 410 2722 qua
436 2636 544 2700 fabula
571 2633 612 2698 ad
644 2635 805 2721 phyhcam
833 2633 991 2701 rationem
1018 2633 1185 2721 redigitur.

153 2735 243 2800 Nam
261 2735 398 2801 alterum
419 2759 534 2823 genus,
556 2759 621 2824 quo
644 2737 752 2802 fabula
773 2736 934 2803 didiumse
955 2738 1061 2802 Poetae
1076 2760 1095 2801 a
1109 2758 1186 2822 pro·
1303 2749 1306 2756 '

153 2836 227 2923 pria
239 2837 393 2902 sententia
414 2837 456 2902 ad
474 2839 569 2916 aliam
587 2860 722 2923 eamque
736 2837 890 2902 moralem
904 2838 1101 2911 convertitur
1114 2839 1185 2902 sen·-

153 2937 300 3018 tentiam,
323 2937 445 3004 dudum
466 2941 508 3004 ab
530 2941 679 3004 omnibus
702 2938 901 3024 Philosophis
924 2941 1074 3003 usitatum
1097 2955 1184 3020 erat3

150 3036 295 3125 ejusdem
317 3041 463 3127 exempla
483 3042 573 3127 ponit
595 3039 789 3127 frequentati
809 3062 830 3102 a
851 3042 993 3117 Zenone,
1015 3039 1185 3118 Cleanthe,

152 3140 347 3228 Chryfippo,
369 3140 558 3208 Plutarchus
578 3163 610 3228 p.
624 3161 678 3227 33.
696 3140 736 3206 C.
761 3160 817 3225 34.
832 3142 870 3205 B.
892 3141 946 3225 38.
964 3139 1004 3203 C.
1046 3141 1089 3202 Et
1111 3140 1184 3204 bre·
1266 3218 1270 3223 ⁵

152 3243 234 3310 riter
255 3246 325 3332 ejus
343 3247 498 3324 rationem
520 3246 671 3332 significat
692 3245 779 3309 Dion
805 3242 1046 3330 Chrysostomus
1065 3242 1121 3306 Or.
1139 3243 1184 3305 11.

153 3362 187 3428 p.
208 3361 261 3426 27·
285 3347 329 3416 D.
368 3345 587 3410 Alexandrum
612 3344 841 3420 Macedonem,
863 3340 1088 3406 admiratorem
1112 3343 1185 3413 How-

153 3444 249 3522 meri,
262 3444 460 3512 differentem
476 3446 595 3510 faciens
603 3470 614 3527 3
637 3447 677 3508 δεῖ
688 3446 714 3507 δί
728 3449 764 3507 τῦ
781 3448 879 3520 narmi
896 3447 934 3530 τρὶ
951 3442 1001 3524 μὲν
1018 3445 1053 3518 ὠς
1071 3441 1184 3526 copda-

109 3643 114 3650 ’
150 3653 300 3714 πολλὰδὲ
321 3655 356 3726 ὥς
378 3650 540 3733 ὀνειδίζοντος
559 3649 605 3730 καὶ
626 3658 848 3735 καταγελῶντος·
870 3660 980 3736 oportet
1000 3649 1100 3713 Poeta
1121 3650 1185 3713 alia

151 3752 234 3817 dieta
247 3753 387 3841 accipere,
403 3766 438 3822 ut
448 3753 608 3839 suadentis
626 3763 655 3816 et
668 3752 868 3832 admonentis3
891 3748 968 3829 alia,
982 3762 1017 3814 ut
1031 3751 1186 3816 navantis

151 3855 376 3921 tantummodo:
407 3854 503 3919 malta
532 3865 639 3932 autem,
665 3867 699 3917 ut
723 3853 923 3940 vituperantis
950 3876 985 3916 ac
1012 3851 1182 3917 deridentis.

149 3955 255 4042 Atqui
273 3955 293 4018 ti
313 3956 467 4042 interpres
489 3969 557 4024 tam
577 3954 688 4024 multis
703 3953 854 4039 variisque
872 3952 913 4016 ad
930 3952 1093 4016 sententiae
1108 3971 1182 4035 pra-

149 4052 283 4120 vitatem
310 4053 557 4139 expugnandam
586 4053 746 4119 instruitur
775 4052 945 4130 machinis,
974 4072 1071 4115 unam
1096 4063 1183 4116 certe

151 4155 278 4241 semper
299 4155 461 4222 efficacem
485 4155 675 4242 experietur,
698 4177 759 4221 nec
785 4154 854 4227 ullo
874 4155 906 4218 in
928 4155 1001 4221 loco
1024 4155 1179 4220 haerebit:

150 4253 328 4350 praesertim
348 4253 369 4322 ii
389 4254 466 4322 fines
488 4256 689 4344 speciemque
707 4252 943 4346 probabilitatis
964 4254 1101 4344 migrare
1113 4278 1179 4324 ,au-

194 4373 353 4422 vor..v1.
663 4377 691 4421 nt
