2684 4762
289 317 344 394 ua
358 283 903 394 DtscaRN.nDUL.Auant100.
917 308 1044 388 pas.
1120 320 1183 389 οιο

151 473 231 548 illud
251 479 400 544 omnibus
421 478 650 566 Commagenis
671 499 690 541 e
708 473 945 541 Seleucidarom
964 473 1107 561 prosapia
1128 496 1179 539 re·

150 577 258 665 gibus.
300 581 352 645 De
369 579 419 644 his
441 580 568 666 regibus
581 577 729 666 quaedam
743 576 855 661 docuit
869 575 1013 640 Norifius
1025 576 1077 639 De
1092 577 1179 660 Epo·

150 676 211 762 cha
225 681 544 766 Syro-Macedonum
559 677 637 744 Diss.
655 679 699 742 ll.
719 700 753 763 p.
767 677 843 762 136:
868 688 901 740 et
913 674 1090 740 accuratior
1104 675 1180 741 effet

151 780 276 858 notitia,
300 782 320 844 sr
341 782 372 847 J.
388 780 579 845 Vaillantius
601 778 798 842 utilillnnum
821 776 912 841 illum
935 774 1051 840 librum
1076 775 1179 861 Histof

150 879 206 943 οἱα
220 879 440 945 Seleucidarum
456 903 521 947 non
545 883 577 946 in
600 879 764 944 Antiocho
784 878 879 956 Xlll,
901 876 968 963 qui,
991 877 1058 962 post
1080 879 1179 965 Syriae

151 1000 288 1066 regnum
310 1004 329 1044 a
349 980 499 1066 Pompeio
518 980 551 1045 in
572 979 742 1067 provinciae
760 977 895 1041 formam
915 975 1092 1055 rodallum,
1113 977 1180 1062 pri·

151 1102 224 1145 mus
240 1081 497 1168 Commagenum
512 1103 645 1169 regnum
664 1100 845 1165 nomenque
860 1076 1011 1155 obtinuit,
1028 1076 1180 1159 linivisset,

151 1179 203 1245 sed
225 1183 388 1269 quousque
414 1202 472 1271 per
499 1203 703 1247 nummorum
726 1180 935 1271 aliorumque·
950 1194 1180 1245 monumento-

151 1308 224 1350 rum
246 1286 361 1351 indicia
381 1287 509 1367 licebat,
524 1286 708 1352 deduxillet.
745 1288 832 1350 Nam
853 1287 904 1350 J0.
924 1282 1099 1363 Mallonus‚
1125 1282 1182 1371 qui

151 1409 242 1474 reges
273 1386 511 1475 Commagenus
540 1388 695 1453 recensuit
721 1386 753 1451 in
785 1388 829 1450 N.
855 1389 890 1450 F.
915 1388 1035 1473 Haym.
1060 1386 1181 1453 Teloro

149 1485 335 1552 Britannico
356 1488 431 1553 Vol.
448 1489 475 1553 l.
497 1511 529 1574 p.
548 1508 619 1573 113.
640 1489 702 1573 seq.
726 1486 798 1553 illos
819 1486 960 1573 quidem,
984 1487 1039 1573 qui
1061 1488 1180 1572 postea,

149 1611 249 1675 regno
277 1590 309 1654 in
337 1589 531 1677 provinciam
559 1589 700 1667 redatlo,
727 1589 841 1675 privati
867 1587 1006 1653 Athenis
1034 1587 1084 1680 vel
1105 1588 1182 1655 alibi

150 1690 306 1770 vixerunt,
322 1714 385 1757 non
402 1692 523 1778 attigit.

192 1793 246 1871 48.
261 1795 296 1856 F.
318 1798 405 1855 Τοῦτο
420 1799 459 1876 τῷ
475 1791 575 1855 κίλαιιι
589 1795 693 1870 πολλὴν
710 1794 817 1873 μεταξὺ
834 1797 881 1869 τῆς
900 1791 993 1874 φιλίας
1012 1792 1182 1881 ου’ςυχιοφίαι

150 1890 253 1969 δίδωσι,
275 1893 429 1979 ὁρμητήριον
451 1895 489 1976 ἐφ’
509 1899 580 1975 ἡμᾶς
600 1895 690 1976 εὐφυὲς
709 1893 800 1979 ἔχοντι
816 1896 864 1972 τὴν
880 1894 1039 1980 φιλαυτίαν]
1068 1896 1182 1982 Imago

151 2014 189 2056 ac
203 1991 300 2057 dictio
314 1992 479 2058 tralatione
493 2008 526 2058 et
540 1993 699 2058 evidentia
712 1993 806 2080 plane
819 1994 862 2059 est
874 1995 1077 2081 proprietatis
1092 1994 1182 2061 Plut-

150 2093 290 2161 archcae:
315 2094 381 2159 Hoc
394 2095 545 2158 adulatori
559 2120 701 2182 magnum
714 2096 829 2183 praebet
843 2096 936 2160 locum
949 2098 980 2160 in
995 2097 1091 2161 medio
1104 2097 1182 2162 omi-

151 2196 234 2274 citia,
250 2196 280 2259 r'n
295 2198 432 2284 quamse
445 2197 566 2260 induere
584 2197 682 2285 pofflt3
706 2197 811 2285 quippe
827 2199 880 2285 qui
895 2198 1004 2262 babeat
1017 2199 1186 2263 naturalem

152 2311 181 2361 at
207 2310 396 2386 opportunam
418 2298 562 2386 adversas
587 2322 636 2363 nos
661 2323 769 2379 arcem,
797 2300 876 2363 anda
900 2324 950 2363 nos
973 2301 1185 2387 aggrediatur,

153 2399 280 2485 nostrum
294 2425 368 2488 erga
382 2425 434 2464 nos
448 2401 520 2488 r'ffos
536 2426 674 2466 amorem.
711 2400 830 2465 Similis
843 2402 886 2466 est
900 2396 1022 2467 notatio
1036 2403 1184 2468 adulato-

153 2501 196 2566 ris
218 2515 274 2566 aut
293 2502 530 2571 calumniatoris
548 2502 663 2567 fratres
677 2501 868 2566 diffociantis
890 2503 942 2568 De
960 2505 1045 2568 Frat.
1061 2507 1185 2569 Amore

153 2624 187 2689 p.
202 2620 277 2690 479.
291 2605 338 2668 B:
362 2611 377 2680 ἡ
401 2605 474 2690 πρὸς
494 2605 525 2667 τὸ
542 2603 665 2688 ουγίινὲς
686 2601 798 2681 treton»)
818 2603 839 2689 ’i
860 2602 987 2689 ὑφίφοιοις
1002 2605 1112 2685 ὁμιλίας
1133 2610 1183 2668 ἐυτ-

154 2705 255 2788 ripam
280 2705 387 2788 φαύλας
412 2702 458 2785 καί
483 2710 605 2792 ωονηφοὶς
632 2709 667 2779 είς
690 2706 721 2768 τὸ
746 2706 855 2779 ίλλιτές
880 2704 977 2783 ἔξωθεν
1001 2707 1184 2793 ἐπιρῤιοίσας.

157 2808 195 2871 Ιιι
209 2829 243 2870 re
256 2828 406 2892 corporea
421 2806 545 2894 proprie
566 2806 610 2870 ita
624 2806 811 2892 exprimitur
829 2809 972 2894 Sympos.
986 2810 1046 2873 Vl.
1064 2832 1096 2895 p.
1110 2811 1184 2894 696.

155 2911 192 2972 B.
208 2906 248 2971 de
262 2906 417 2971 soliditate
432 2907 515 2972 olei:
540 2908 580 2980 ἔςι
598 2913 657 2994 γὰρ
675 2906 860 2970 πυκνίτατον·
884 2913 914 2994 ori
929 2914 988 2997 γοὶς
1003 2910 1060 2996 ἔχει
1078 2912 1192 2995 patrati·

155 3015 208 3070 τῶν
221 3010 307 3092 ξιφῶν
320 3005 367 3086 uui
386 3009 493 3090 γεωδῶν
510 3010 536 3069 ir
550 3011 625 3091 αὐτῷ
638 3016 727 3094 μερῶν
741 3006 887 3088 κενώματα
907 3007 953 3085 καί
967 3008 1071 3094 πόροις,
1085 3010 1121 3084 οίς
1141 3010 1185 3073 δί-

156 3111 233 3186 tara,
246 3107 276 3169 τὸ
291 3105 489 3192 ααρεμπίπίον.
526 3106 578 3171 Sic
593 3106 719 3172 animus
739 3106 878 3172 hominis
893 3108 1027 3174 nimium
1041 3111 1070 3174 se
1085 3102 1187 3198 ipsurn

158 3208 305 3287 amantis,
328 3230 392 3272 non
409 3207 537 3287 solidus,
554 3208 606 3273 sed
621 3231 719 3275 vanus
739 3225 772 3277 ct
791 3210 930 3290 inflatus,
953 3212 1073 3277 multos
1088 3212 1187 3279 habet

158 3310 268 3373 inanes
282 3308 381 3387 locoS,
397 3309 428 3373 in
444 3331 524 3395 quos
538 3309 736 3376 adulatorem
751 3312 892 3399 recipiat.
917 3315 1096 3401 Ὀφμητῆςιον
1109 3337 1182 3402 pro·

181 3410 225 3475 rie
239 3410 271 3473 in
287 3433 319 3474 re
338 3409 451 3474 bellica
464 3411 506 3497 eli
528 3412 748 3491 munimentum,
771 3413 850 3477 locus
871 3426 963 3496 tutus,
985 3406 1064 3481 ιιιιᾶι
1076 3420 1141 3508 quis
1155 3419 1188 3499 iu

157 3433 261 3599 iostem
275 3535 436 3592 excurrere,
456 3526 482 3577 et
502 3537 557 3600 quo
568 3514 607 3600 se
621 3515 744 3603 recipere
760 3514 857 3602 ptfflt.
888 3518 1081 3605 Metaphota
1095 3521 1187 3589 Plut·

157 3613 257 3699 prelio
281 3636 346 3679 non
371 3614 564 3700 infrequens.
609 3615 660 3680 De
683 3617 738 3681 Sui
762 3618 871 3685 Laude
893 3622 1079 3713 p.546.13=
1107 3623 1186 3710 μέγα

159 3720 250 3802 γὰρὴ
272 3714 494 3804 περιαυτολογία
514 3720 562 3794 τὴν
584 3717 730 3801 φιλαυτίαν
752 3721 913 3807 ὁρμητήριον,
931 3722 1037 3807 ἔχοντα,
1063 3724 1110 3804 καί
1131 3728 1188 3803 τοῖς

156 3815 227 3878 πάνυ
240 3817 345 3879 δοκοῦσι
358 3814 474 3902 μετρίως
496 3813 567 3903 ἔχειν
587 3817 651 3904 πρὸς
669 3817 747 3897 δόξαν
767 3819 924 3905 ἐμφαίνοτας
944 3823 1079 3898 πολλάκις
1097 3828 1185 3887 intrr-

158 3914 267 3997 θεμένη.
299 3917 423 3981 Catone
438 3915 520 4003 Maj.
536 3937 570 4003 p.
580 3936 655 4004 353.
672 3918 712 3982 C.
728 3919 855 4001 dicitur,
871 3942 934 3985 eum
947 3922 1088 4009 adsersus
1097 3924 1186 4010 pria,-

158 4017 232 4104 ciprs
249 4016 281 4079 in
303 4029 364 4104 rep.
386 4016 468 4082 viros
489 4019 525 4082 de
544 4018 715 4107 prr'rur'patu
732 4013 915 4110 contendiffc,
932 4026 1013 4106 μηδὲν
1033 4027 1188 4114 ὁςμητιζριον

160 4116 263 4204 ίχοντα
276 4120 355 4194 πλὴν
367 4120 451 4200 φανὴν
464 4117 719 4207 υιαφφησιαζομίνην
733 4120 798 4208 ὑπὲρ
811 4131 865 4185 τῶν
878 4121 998 4188 δικαίαν.
1032 4125 1189 4207 Cicerone

159 4240 195 4311 p.
210 4217 282 4283 866.
297 4217 345 4284 B:
367 4216 517 4315 βαλόμενος
531 4224 545 4283 ὁ
559 4219 713 4312 Κατιλίνας
728 4221 821 4313 ίχυφίι
835 4248 862 4287 τι
876 4221 1089 4311 τρουαίαλαὲνῑν
1102 4230 1188 4313 ὁρμη-

632 4340 683 4388 Be
699 4340 717 4391 2
