2684 4762
307 363 362 423 os
381 359 606 425 nunrrunrs
627 364 772 424 ronne.
792 372 879 442 por.
893 363 999 434 en·
1096 371 1156 436 229

126 518 241 586 Utendi
255 537 285 588 et
297 524 460 607 lacerandi,
475 528 508 594 in
523 529 600 608 ὃαίω,
615 528 708 614 Salpe,
723 525 859 614 indeque
873 527 993 592 saelum
1013 524 1077 613 δέρω
1098 531 1151 591 aex'·

123 621 211 701 corio,
226 626 284 700 δαῒς
303 639 419 713 pugna,
433 628 505 704 δάῖνς
519 629 624 714 basiis.-
647 631 732 707 ὃανός,
746 628 866 707 avidus,
877 629 985 712 fiscus,
1001 629 1044 691 ad
1059 650 1150 690 uren·
1190 687 1193 693 .

122 723 194 786 dum
215 729 462 793 accommodatus:
493 730 698 816 ConsummAE,
721 730 753 794 in
776 730 863 810 hcine,
889 731 984 808 δάπῖω,
1007 730 1150 810 iuratio,

120 824 209 889 unde
231 841 265 892 et
287 829 400 893 Latina
422 830 513 919 dapes
533 843 567 895 et
588 831 748 895 damnum:
772 830 812 894 dc
827 853 891 916 quo
905 830 1150 916 elegantiffimus

121 926 294 1013 Menagius
315 930 473 996 Amoenit.
491 933 562 998 Jur.
578 931 648 996 Civ.
665 932 749 1016 Cap.
761 933 919 995 XXXIX.
943 953 975 1017 p.
990 951 1065 1016 333.
1102 934 1150 995 Ex

121 1024 182 1090 hac
207 1028 305 1116 igitur
329 1032 464 1097 siccandi
488 1047 521 1098 et
543 1034 749 1099 consumendi
771 1034 923 1119 potestate
944 1033 1019 1105 δέννος
1037 1031 1150 1095 mortis

121 1128 285 1196 notionem
300 1134 449 1200 obtinuit.
487 1136 539 1201 Sic
557 1136 620 1210 αὖος
640 1134 855 1221 metaphorice
869 1134 985 1198 dicitur
997 1135 1081 1220 quasi
1096 1157 1147 1197 ex·
1217 1207 1227 1227 Ι

108 1232 228 1316 succus,
250 1237 429 1323 escscnguis:
452 1236 493 1302 de'
507 1260 569 1324 qua
588 1237 833 1325 Lexicographis
855 1235 963 1301 omiffa
984 1235 1147 1320 potestate,

119 1333 244 1400 erudite
265 1335 375 1401 docuit
397 1341 435 1403 L.
456 1340 603 1403 Kusterus
624 1339 665 1403 ad
682 1338 841 1424 Aristoph.
856 1336 1050 1421 Thesmoph·
1073 1336 1147 1420 853·
1275 1424 1277 1428 ³

121 1437 234 1521 ltaque
248 1438 454 1519 Macedones,
470 1453 507 1504 ut
520 1440 662 1506 rudiores
676 1454 709 1505 et
723 1438 814 1527 prisci
830 1438 926 1503 moris
941 1454 1078 1517 tenaces,
1094 1460 1146 1502 re·

118 1533 283 1602 tinuerunt
303 1540 390 1620 δάνον,
412 1563 470 1627 pro
491 1541 573 1605 θάνον
591 1554 647 1606 aut
662 1542 794 1604 θάνατον.
829 1540 945 1604 Literae
966 1538 1097 1616 Atticae,
1112 1550 1147 1603 et

119 1637 249 1718 Ionicae,
271 1640 447 1728 antiquitus
469 1643 589 1708 eaedem
613 1644 761 1723 fuerunt3
792 1642 911 1729 quippe
935 1655 969 1706 et
993 1642 1086 1706 lones
1112 1654 1146 1720 ct

117 1738 220 1804 Attici
241 1740 336 1806 iidem
358 1758 468 1807 erant:
495 1744 649 1829 paulatim
672 1744 790 1807 lonicae
812 1743 914 1807 auctae
938 1764 975 1806 ac
1000 1754 1143 1821 mutatae,
1180 1755 1181 1761 ’

117 1856 252 1928 receptae
267 1843 397 1908 demum
412 1846 485 1909 sunt
507 1847 547 1910 ab
561 1845 807 1909 Atheniensibus
829 1844 861 1908 in
884 1843 1048 1929 publicum
1070 1841 1143 1929 qui·

117 1941 191 2007 dem
218 1944 309 2007 usum
339 1945 469 2032 Olymp.
493 1967 546 2032 94.
575 1965 713 2012 annos:
740 1959 774 2009 ct
796 1945 828 2009 in
855 1944 906 2006 his
926 1948 966 2022 ἃς
992 1942 1169 2029 siquidem·

37 2086 40 2091 -
116 2066 188 2108 vera
209 2046 251 2108 est
272 2045 366 2111 lectio
388 2047 450 2110 loci
472 2046 661 2111 Aristotelici
679 2046 763 2132 apud
785 2045 920 2109 Plinium
944 2046 989 2107 H.
1005 2046 1049 2108 N.
1063 2046 1155 2124 Vll.¹

114 2163 169 2229 57.
192 2146 248 2210 ubi
269 2154 290 2210 ὃ
311 2147 342 2212 in
366 2171 500 2214 numero
521 2150 722 2234 antiquarum
741 2148 903 2212 literarum
921 2158 985 2209 non
1000 2145 1141 2209 recense-

115 2262 179 2310 tur.
217 2248 267 2312 Ita
281 2249 409 2336 quidem
432 2252 472 2316 ab
490 2252 553 2317 Jos.
569 2250 721 2337 Scaligeri
735 2249 905 2314 Animadv.
920 2247 962 2311 ud
975 2243 1089 2311 Euseb.
1106 2269 1141 2333 p.

118 2368 189 2412 111.
205 2352 314 2438 etseq.
331 2354 456 2439 prodita
469 2353 622 2418 sententia
635 2352 848 2416 dissentientes
869 2351 926 2415 Ph.
941 2350 1142 2415 Mauffacum

114 2451 155 2514 ad
169 2453 415 2538 Harpocration.
436 2477 469 2541 p.
486 2457 537 2520 86.
553 2468 586 2520 et
601 2456 646 2518 H.
658 2453 814 2518 Valefimn
831 2474 863 2538 p.
882 2472 953 2516 101.
970 2450 1055 2536 sequi
1070 2473 1140 2515 ma·

112 2553 190 2618 lim:
215 2558 329 2643 quibus
350 2557 543 2646 adjungatur
563 2557 623 2622 Ed.
644 2556 791 2620 Corfinus
811 2555 887 2620 Fast.
907 2552 1009 2619 Attic.
1024 2555 1062 2618 T.
1077 2554 1139 2626 Ill.

139 2704 147 2718 .
165 2660 236 2739 276.

113 2677 136 2741 p
156 2776 208 2825 22.
225 2760 264 2824 C.
288 2762 504 2848 Καμμνίημ]
533 2762 622 2826 Iliad.
638 2767 680 2825 X.
701 2777 774 2846 257.
796 2767 835 2824 Ψ.
851 2761 925 2824 661.
961 2759 1140 2824 Videantur

112 2859 221 2924 Schol.
237 2863 430 2942 Eustathius,
447 2865 625 2950 Hesychius
639 2864 767 2951 ejusque
781 2863 978 2948 interpretes.

155 2979 207 3026 22.
225 2963 265 3025 C.
295 2963 394 3037 Πὸπυς
415 2964 475 3038 τοὺς
497 2965 637 3049 δαίμονας]
672 2967 832 3049 Frequens
851 2962 937 3048 apud
957 2965 1138 3027 Homerum

104 3058 150 3123 Ὦ
162 3061 260 3126 πόντον.
297 3064 406 3129 Simile
420 3065 496 3151 quid
510 3066 607 3129 habet
621 3065 807 3129 Scholiastes
820 3063 1040 3149 Lycophronis
1054 3083 1134 3148 943:

110 3161 201 3223 Πόντον
220 3169 243 3226 oi
265 3164 332 3227 θεοί·
356 3163 416 3228 ὅθεν
433 3167 479 3228 καὶ
493 3166 637 3238 πολλάκις
647 3162 690 3226 Ὦ
710 3164 796 3228 πόντον
810 3167 881 3250 παρ’
900 3164 1013 3249 Ὁμήρῳ
1027 3164 1086 3226 ἀντὶ
1100 3168 1137 3225 τῦ

103 3261 149 3324 Ὦ
162 3266 219 3326 θεν)
234 3266 351 3342 ἥκεσαν·
376 3275 390 3344 ἡ
413 3269 441 3330 δὲ
457 3267 530 3346 λέξις
549 3267 689 3356 Δρυόπων.
716 3266 912 3354 'Etymolog.
935 3267 985 3328 M.
1008 3265 1137 3330 invoco

103 3362 149 3427 Ὦ
167 3366 325 3431 πόντον-οἶ
345 3373 402 3455 γὰρ
428 3369 538 3449 Σκύθῃ
558 3370 710 3452 ἂγᾶλμαῑά
732 3396 793 3431 τινα
811 3367 918 3452 ἔχοντες
940 3368 1061 3450 ὑπόγαια
1082 3375 1136 3431 τῶν

109 3471 190 3546 θεῶν,
205 3469 292 3543 πάντες
305 3475 378 3533 αὐτὰ
392 3476 520 3534 καλοῖσιν.
551 3470 741 3559 Conferatur
754 3471 785 3534 J.
800 3469 924 3532 Alberti
935 3468 978 3533 ‘ad
994 3468 1136 3556 Hesych:

108 3591 179 3633 voc.
193 3571 294 3636 Ἀπίων
309 3572 336 3635 δέ
350 3591 440 3654 φησιν,
456 3579 479 3635 οἱ
493 3571 613 3654 δαίμονές
627 3569 858 3650 sicinium-nui
872 3570 925 3642 ἔςνν
934 3567 983 3633 ’Ὦ
1002 3569 1134 3652 δαίμονες,

107 3685 142 3735 et
167 3673 368 3738 amicissimus
395 3675 496 3740 noster
516 3674 710 3739 Villoisonus
723 3673 777 3737 'ad
804 3671 968 3759 A'pollonii
993 3673 1135 3738 lexicon

107 3775 275 3839 Homeric.
290 3799 359 3841 voc.
374 3778 463 3840 Πόντον
477 3805 485 3842 :
509 3788 579 3840 tum
593 3798 666 3840 vero
679 3775 750 3841 lib.
764 3774 1013 3839 Hemsterhufius
1026 3776 1132 3839 etEv.

106 3873 275 3941 Scheidius
288 3878 329 3942 ad
348 3881 400 3943 Jo.
415 3878 557 3942 Danielis
577 3877 732 3962 Lcnuepii
745 3876 1005 3964 Etymologicum
1019 3879 1058 3941 L.
1073 3878 1132 3941 Gr.

105 3977 144 4041 T.
159 3979 203 4041 ll.
223 4001 255 4063 p.
270 3980 343 4064 803.

149 4098 201 4145 22.
216 4081 260 4143 D.
285 4080 331 4160 nul
351 4082 380 4146 τί
398 4086 445 4160 τὴν
461 4083 558 4169 Τύχην
580 4083 626 4146 καὶ
646 4086 693 4159 τὴν
714 4085 824 4170 Μοῖραν
838 4087 940 4154 reims
955 4081 1128 4167 hopeless]

106 4182 189 4244 llaec
208 4182 301 4245 verba
315 4183 347 4246 in
362 4184 484 4249 minore
499 4186 600 4248 nostra
617 4182 756 4248 editione
769 4184 875 4248 minus
889 4182 1056 4247 emendate
1074 4204 1131 4247 ex-

104 4282 204 4369 pressa
218 4283 301 4351 sunt.
336 4285 432 4372 Τύχην
445 4307 495 4352 res
508 4286 573 4374 ipsa
586 4285 727 4372 flagitat3
749 4285 868 4374 quippe
881 4284 986 4352 omnis
999 4284 1133 4374 sequens

593 4406 651 4471 03
