2684 4762
317 330 372 390 DE
392 329 616 390 AUDIENDIS
637 328 781 388 POETIS.
802 328 1007 405 pona-11.
1117 335 1175 399 217

148 493 182 554 6.
200 511 258 557 21:
285 492 349 555 Scio
364 493 474 579 mceffl
483 495 629 581 servum:
654 493 742 556 nocio
758 491 845 556 etiam
863 492 898 556 id
914 493 992 579 qaod
1001 491 1074 578 scio.
1110 491 1175 554 At-

151 614 214 675 que
240 592 279 655 ad
306 594 388 657 hanc
415 596 550 659 formam
577 594 765 681 corrigenda
787 607 899 678 putem
922 595 1015 657 verba
1038 593 1177 660 Platonis

151 694 233 778 Leg.
250 697 292 758 X.
317 719 349 780 p.
366 697 439 779 672.
462 701 506 761 F:
538 698 702 783 γιγνώσκειν
723 699 750 760 δὲ
768 702 850 775 αὐτὴν
873 700 935 782 (τὴν
948 696 1131 777 συντέλειαν),
1155 691 1180 757 d

152 795 267 858 πάντων
285 796 463 883 ἀνδρειότατε,
479 807 543 871 πῶς
558 804 587 861 οὐ
607 802 656 861 δεῖν
672 802 774 877 toxa„
798 801 826 874 ἦν
842 824 883 871 τις
903 802 940 878 μὴ
959 799 1123 881 γιγνώσκων
1138 798 1178 858 ee

151 894 186 957 dr
199 899 285 982 τυχὸν
304 896 354 960 ἴδοι
368 900 454 977 orori,
478 902 523 963 ἑδὲ
545 900 628 984 λόγον
650 900 853 983 Ενμὸάλλεθαι
865 902 932 985 περὶ
952 899 1002 978 βία
1024 903 1131 974 δυνατὸς
1145 897 1179 963 ἂν

151 995 256 1079 γένοιτο
271 1003 306 1072 εἷς
321 999 487 1081 εὐδαιμονίαν
499 1027 530 1064 τε
546 1001 591 1079 καὶ
608 1001 772 1083 δυσδαίμονα
785 1003 873 1086 τύχην
886 1025 893 1062 :
918 1023 982 1085 quo
996 1000 1068 1064 loeo
1080 1002 1179 1085 τυχὸν,

152 1100 211 1163 sive
231 1123 349 1177 errore,
371 1101 429 1163 sive
451 1101 603 1165 libromm
625 1102 827 1179 aucloritate
848 1100 984 1165 venitin
1006 1100 1179 1164 editionem

151 1200 400 1286 Lugdunensem
423 1225 486 1286 qua
506 1203 640 1279 utimur,
662 1216 747 1266 certe
771 1201 811 1266 ad
835 1202 986 1266 veriorem
1008 1201 1180 1265 ledionem

152 1299 244 1364 ducit
258 1301 355 1366 banc:
381 1306 418 1364 ril’
433 1303 552 1388 ἐντυχών
565 1305 612 1366 ἴδοι
630 1306 747 1367 νιοτὲψ-Ι
787 1306 957 1389 Cognoscere
971 1314 1066 1368 cutem
1081 1303 1179 1390 corfi-

155 1401 274 1464 erronem
307 1404 626 1490 conjammrrtioncmquc
654 1404 860 1466 Providentia>
887 1404 1014 1482 (livinae,
1043 1404 1181 1490 quomodo

152 1527 211 1565 non
231 1505 333 1586 nccrffl
352 1508 465 1590 putes?
491 1528 579 1592 quam
602 1504 666 1591 quis
688 1528 745 1568 non
766 1507 942 1592 cognoscens,
967 1530 1003 1570 ae
1014 1507 1050 1590 ſs
1069 1506 1182 1569 incidat

152 1604 268 1689 quidem
290 1605 321 1666 ι’νι
344 1629 418 1682 cam,
442 1606 463 1667 i.
481 1631 506 1668 e.
530 1631 567 1667 nc
591 1618 652 1668 tum
677 1607 793 1692 quidem
814 1631 903 1692 quum
927 1607 954 1668 ei
977 1608 1183 1670 Providentia

153 1704 269 1767 divinae
290 1704 409 1791 asterius
429 1706 602 1792 carentesque
612 1706 650 1792 se
672 1707 791 1792 offerat,
811 1707 913 1769 videre
929 1705 1025 1792 prffit,
1045 1732 1097 1770 nec
1112 1707 1184 1770 aliis

154 1828 218 1866 cum
244 1806 406 1871 hominibus
429 1807 557 1869 rationes
579 1831 628 1870 corr
645 1831 708 1869 erre
732 1808 768 1869 de
792 1809 868 1870 vitae
891 1805 943 1870 vel
961 1806 1113 1891 filicitate
1133 1802 1186 1869 vel
1219 1811 1225 1824 '

155 1904 340 1990 irfilicitate.
383 1908 465 1971 Sane
489 1907 557 1970 haec
582 1907 676 1970 tertio
699 1929 737 1970 ac
761 1907 916 1971 sententia
937 1907 1077 1970 multum
1098 1929 1183 1993 prae-

155 2009 286 2073 ferenda
306 2011 350 2073 est
373 2011 509 2096 vulgatae
530 2012 624 2088 τύπον,
647 2034 743 2097 quarn
763 2012 883 2075 habent
903 2011 993 2078 Basrl.
1015 2011 1129 2097 Stepb.
1149 2023 1184 2074 et

153 2113 267 2175 Euseb.
285 2115 385 2195 l'raep.
400 2116 520 2198 Evang.
535 2114 613 2175 1111.
630 2135 661 2197 p.
673 2115 747 2196 636.
763 2114 807 2176 A.

201 2229 251 2275 21.
268 2214 306 2275 B.
330 2211 436 2274 Γένοιτο
458 2210 509 2296 κᾷν
530 2209 708 2295 ἄπλατος-]
735 2213 809 2274 Hoc
830 2232 896 2274 uno
915 2209 988 2275 loco
1009 2208 1184 2296 proditum,

156 2334 194 2374 ex
209 2313 330 2379 incerto
343 2312 511 2398 Sophoclis
524 2313 678 2390 dramate,
694 2312 835 2377 Brunek.
850 2314 944 2376 1111.
959 2334 991 2397 p.
1002 2332 1056 2395 42.

200 2433 253 2479 21.
268 2418 305 2479 B.
328 2419 414 2478 Οὐδὲν
428 2414 531 2481 κακίαν
544 2416 703 2500 πῖωχὸς-]
727 2417 775 2478 Ea
788 2413 902 2479 eodem
915 2437 1048 2500 genere:
1072 2412 1184 2478 viden·

158 2515 217 2578 dus
233 2516 347 2580 ibidem
362 2516 554 2588 anekius.

143 2638 145 2643 ·
202 2637 254 2681 21.
272 2619 311 2682 C.
342 2623 464 2682 -ἀλλιὶ
485 2627 538 2681 τῶν
559 2622 732 2704 σολλῶν-]
767 2621 861 2697 Item,
884 2616 1024 2704 ejusdem
1045 2616 1184 2705 generis,

156 2718 276 2786 ibidem
291 2719 426 2783 relatunr
441 2743 459 2782 a
472 2719 647 2792 Brunckio

202 2839 254 2886 21.
271 2821 310 2884 C.
329 2820 449 2883 “Ararb’
475 2820 527 2884 ὅσα
549 2823 648 2906 {tl-d
681 2824 729 2884 Ex
752 2820 815 2884 boe
839 2820 911 2886 loco
934 2821 1045 2886 retulit
1066 2821 1097 2885 in
1120 2824 1185 2885 Ex·
1215 2820 1216 2827 '

156 2937 268 3007 ccrpta
290 2923 415 2987 Comic.
431 2923 563 2987 Grotius
586 2945 618 3006 p.
635 2941 651 3004 7
654 2940 673 3005 5
675 2939 716 3006 5:
742 2921 879 3008 indeque
898 2923 1040 2987 Clericus
1062 2945 1095 3006 p.
1112 2923 1186 3001 264.

160 3024 315 3087 Proverbii
339 3024 402 3087 vim
425 3024 543 3087 babet:
572 3022 662 3085 Philo
679 3021 754 3087 Jud.
780 3022 876 3106 Legis
899 3022 1044 3108 Allegor.
1064 3022 1125 3085 ΙΙΙ.
1152 3041 1185 3106 p.

160 3142 253 3207 1107.
270 3126 317 3189 Cz
340 3134 394 3188 τῶν
415 3130 473 3212 γὰρ
485 3124 600 3187 πάντων
613 3122 829 3209 σαννργότατόν
843 3127 897 3196 ἑςιν
910 3125 993 3200 ἡδονή·
1016 3126 1060 3185 διαὶ
1073 3122 1103 3185 τί
1112 3146 1123 3202 3
1146 3120 1187 3190 dtr

158 3227 257 3290 oraim
271 3230 356 3302 ἡδονῆς
370 3229 464 3289 δοῦλα.

204 3349 255 3395 21.
272 3329 311 3393 C.
329 3328 448 3402 Ὀνειδος
461 3329 558 3414 αἱχρὸς
572 3326 685 3412 βίος-]
713 3325 827 3404 Iidem,
847 3323 956 3389 iisdem
969 3322 1059 3390 locis·

203 3450 255 3495 21.
268 3433 311 3494 D.
334 3429 450 3513 ἁπίςως]
477 3431 594 3492 Ortum
608 3429 670 3492 srne
682 3427 780 3491 dubio
792 3419 809 3490 e
822 3424 965 3511 proxime
979 3424 1187 3496 antecedente

159 3533 289 3609 ἁπιςὴσα
303 3535 351 3609 τὴν
364 3531 457 3609 alere,
479 3529 572 3616 ejecit
593 3549 779 3617 germanam
793 3527 963 3591 ledionem
977 3526 1094 3602 ἀτόποις.
1131 3529 1188 3593 In.

161 3633 311 3696 credibile
334 3632 422 3697 dictu
444 3653 540 3717 quarn
560 3629 623 3694 late
646 3641 755 3715 pateat
776 3650 833 3714 per
854 3629 1010 3696 Veterum
1024 3628 1121 3693 libros
1135 3629 1190 3694 ista

159 3734 350 3819 corruptelae
373 3733 487 3811 caulla,
513 3748 548 3796 ut
576 3731 774 3795 librariorum
798 3729 994 3816 negligentia
1017 3752 1035 3794 e
1062 3731 1189 3796 duobus

160 3835 270 3898 vicinis
294 3850 328 3899 et
351 3834 500 3898 firnilibus
522 3831 682 3897 vocabulis
704 3832 840 3895 alterum
859 3829 900 3893 ad
920 3829 1074 3916 majorem
1093 3830 1190 3903 etiam

160 3937 291 4002 alterius
306 3938 543 4002 fimititudinem
558 3937 808 4022 transfiguraret.
831 3934 933 4021 Cujus
947 3934 992 3999 rei
1004 3934 1067 4026 rim
1081 3957 1190 3999 exem·

161 4041 289 4126 plorum
304 4042 377 4105 alibi
392 4062 626 4125 exprornemua
830 4037 832 4040 ’

165 4139 168 4146 ’
211 4162 265 4209 21.
280 4145 325 4208 D.
354 4148 413 4216 Τιὶς
434 4146 524 4220 ἡδονὰς
546 4147 581 4206 δεῖ
603 4140 805 4226 comesor—J
831 4139 973 4212 Alexidis
989 4138 1065 4202 hinc
1080 4137 1112 4210 in
1126 4140 1191 4204 Ex·

162 4261 275 4339 cerpta
297 4246 422 4313 Comic.
445 4246 551 4339 posuit
572 4244 706 4313 Grotius
727 4266 760 4332 p.
775 4262 858 4331 5953
881 4243 965 4310 forte
986 4263 1025 4311 ex
1045 4240 1114 4329 ejus
1127 4243 1191 4309 Ta.
