2684 4762
268 446 273 453 ⁴
322 367 675 431 ..DE'AUDIENDIS
695 370 842 432 POETIS.
860 387 889 447 p.
905 377 950 431 14.
964 367 1004 428 D.
1059 422 1069 436 ,
1148 367 1203 426 16⁵

175 527 395 609 dicem-aliud
408 533 526 599 animal
542 533 628 600 aliud
644 531 797 620 pabulum
811 531 1018 610 consedetur,
1033 528 1078 594 ita
1090 527 1122 593 in
1138 529 1201 593 Po·
1226 592 1227 596 ,

173 629 234 694 etis
248 629 328 695 aliua
341 633 475 716 fabulas,
491 636 571 700 alius
585 634 738 715 historias,
758 633 839 698 alius
852 635 946 698 verba
957 630 1117 718 decerpitr
1142 652 1202 695 nos

142 757 157 764 ··
172 731 272 802 mimi
289 756 478 823 morumque
500 738 639 802 fructum
663 736 695 800 in
716 735 826 821 primis
838 755 1028 821 queramus,
1042 745 1076 796 et
1091 744 1199 796 atten-

172 831 285 897 damus
313 834 355 899 ad
383 838 529 924 exempla
551 838 704 902 virtutum
733 836 941 915 fortitudinis,
968 833 1198 921 temperantiae,

164 930 306 1021 justitiae.
344 937 468 1025 Ulyss'es
481 938 674 1004 Diomedem
690 938 836 1003 hortatur
849 936 888 1003 ad
905 933 1125 1023 pugnandum,
1140 933 1198 999 sd·

171 1034 337 1115 dens—dl
358 1044 417 1126 γὰρ
439 1039 558 1127 ἔλογχος
576 1040 725 1121 Ἔοσποο,
751 1037 778 1103 ri
801 1065 846 1102 κεν
869 1044 931 1114 νῆας
954 1037 1001 1123 ἕλῃ
1024 1034 1200 1122 κορυθαίολος

163 1133 296 1226 Ἕκτορι
320 1139 418 1206 habet
432 1141 691 1228 significationem
703 1141 794 1206 fortis
808 1139 876 1220 viri,
890 1138 946 1226 qui
959 1137 992 1202 in
1007 1136 1073 1226 ipso
1086 1136 1199 1202 mortis

168 1238 324 1326 periculo,
340 1241 443 1329 magis
457 1241 608 1323 dedecus,
622 1264 718 1329 quam
732 1256 881 1319 mortem,
897 1241 1018 1307 timeat.
1054 1237 1199 1304 Achilles

167 1340 279 1406 durius
307 1342 479 1430 alloquitur
505 1344 675 1410 Priamum.
724 1348 773 1410 At
794 1355 925 1410 noverat
946 1341 1062 1428 seipse
1083 1353 1198 1407 natura

166 1443 377 1511 iracundum:
410 1460 444 1513 et
468 1447 639 1533 prudenter
665 1447 744 1512 iram
767 1451 875 1512 cavet:
908 1443 1066 1510 Hettoris
1079 1464 1197 1528 corpus

167 1543 273 1610 lotum
288 1560 322 1612 et
335 1548 473 1613 velatum
488 1549 593 1614 currui
607 1549 765 1635 imponit;
789 1572 829 1613 ne
847 1548 987 1624 lacerum
1000 1545 1110 1611 videns
1126 1544 1194 1610 Pri-

166 1670 257 1712 amus
271 1672 406 1716 moerore
419 1652 521 1717 victus
533 1642 683 1717 acerbum
697 1652 819 1717 dictum
834 1651 866 1714 in
880 1650 911 1714 se
933 1647 1116 1734 conjiceret,
1129 1668 1195 1733 quo

165 1745 207 1809 ad
230 1746 308 1811 iram
331 1748 486 1831 incensus,
502 1751 568 1815 seni
583 1774 697 1817 manua
714 1750 855 1814 inferret.
890 1747 1014 1835 Ulylles
1036 1746 1114 1810 item
1135 1768 1193 1810 co·

164 1848 322 1934 gnoscens
342 1851 571 1917 Telemachum
588 1853 810 1918 vehementem
829 1863 864 1915 et
884 1847 1041 1936 injustitiae
1059 1849 1194 1927 osorem,

165 1969 242 2013 eum
255 1950 296 2014 ad
314 1953 520 2016 constantiam
539 1953 657 2031 munit,
677 1952 762 2017 nese
783 1951 829 2015 ira
848 1949 964 2015 auferri
984 1949 1079 2028 sinat,
1093 1969 1193 2034 quum
1279 2009 1282 2012 ,

163 2063 288 2143 patrem
310 2075 330 2116 a
353 2054 457 2138 procis
478 2054 638 2139 jadiatum
659 2067 884 2138 raptatumque
904 2050 1036 2115 videret.
1071 2048 1193 2114 Eadem

163 2146 339 2217 observatio
352 2153 532 2218 adhibenda
545 2156 588 2219 est
602 2153 729 2241 singulis
743 2151 936 2217 dictionibus
950 2177 957 2215 r
982 2173 1047 2215 non
1062 2163 1101 2214 ut
1115 2149 1201 2231 Cle<

162 2249 273 2314 anthia
291 2252 524 2318 cavillationem
547 2254 726 2340 sequamur,
752 2258 807 2316 Ζεῦ
828 2250 892 2331 ἄνα,
910 2253 1064 2329 Δωδωναῖε,
1079 2248 1194 2337 legere

155 2349 304 2440 jubentis
331 2378 397 2421 uno
421 2358 517 2423 verbo
544 2360 737 2436 ἂναδοοδςοοαῖε,
766 2355 862 2421 omnia
882 2355 1003 2442 sursum
1027 2353 1191 2441 prrfferens,

159 2467 337 2542 procreans.-
365 2479 424 2521 nec
450 2457 619 2545 Chryfippi
635 2457 850 2546 jejunitatem,
872 2455 1109 2543 interpretantis
1131 2458 1191 2522 Jo-

161 2576 235 2621 vem
249 2557 377 2644 εὐρύοπα,
389 2557 527 2623 validum
541 2560 572 2624 in
586 2560 757 2647 dssirendo,
772 2569 800 2621 et
809 2558 965 2645 facultate
979 2556 1193 2623 orationis‘late

161 2657 387 2745 adgredientem.
431 2664 513 2727 Haec
536 2660 779 2728 Grammaticis:
803 2683 862 2725 nos
875 2683 914 2725 ea
926 2661 1104 2748 sequamur,
1118 2681 1191 2747 quae

160 2760 418 2848 probabilitatem
440 2785 514 2829 cum
540 2765 646 2829 fmus
671 2785 797 2828 morum
818 2761 1025 2851 conjunttam
1049 2763 1188 2828 habent:

161 2859 262 2925 veluti
275 2862 348 2926 Οόδί
359 2891 395 2945 ps
408 2867 494 2947 θυμὸς
507 2863 622 2949 ἄνωγεν,
638 2864 691 2927 ἐπεὶ
704 2865 794 2946 μάθον
808 2864 919 2947 ippum
933 2866 1032 2942 tuuf,
1044 2877 1078 2928 et
1089 2863 1192 2929 multa

162 2960 285 3041 finilia,
299 2986 371 3050 quae
385 2966 546 3050 pertinent
562 2965 603 3029 ad
621 2962 747 3029 laudem
761 2963 926 3043 virtutum,
942 2964 973 3027 in
989 2964 1098 3050 primia
1112 2985 1190 3049 pru·
1280 3012 1285 3021 .

159 3062 292 3143 dentiae,
315 3079 349 3129 et
367 3065 535 3133 ostendunt
555 3066 704 3131 virtutem
725 3065 759 3130 in
781 3067 882 3131 nostra
903 3064 962 3129 else
981 3066 1134 3152 potestate
1151 3087 1191 3131 ac

159 3163 313 3234 discendo
327 3168 513 3253 comparari.

171 3319 175 3328 .
206 3267 285 3343 ΧΠ,
316 3269 423 3349 Porro,
441 3283 478 3333 ut
499 3269 568 3356 apis
589 3292 628 3334 ex
648 3267 840 3333 amariffimis
858 3267 989 3332 floribus
1002 3281 1036 3366 et
1056 3268 1188 3354 asperri.
1303 3265 1306 3268 ⁴

162 3366 225 3438 mis
240 3367 335 3455 spinis
349 3368 537 3434 lcniffimum
551 3383 584 3435 et
597 3369 793 3434 utiliffimmn
807 3368 871 3432 mel
885 3367 980 3447 facit3
1003 3369 1048 3433 ita
1062 3368 1190 3458 juvenis

162 3468 264 3534 discat
290 3491 329 3533 ex
353 3471 490 3556 pellrmis
512 3472 608 3535 etiam
637 3469 716 3535 locis
741 3469 860 3556 aliquid
878 3469 1025 3536 utilitatis
1052 3471 1187 3540 trahere.

160 3570 356 3659 Hujusmodi
377 3572 420 3636 est
433 3571 512 3637 illud
526 3572 791 3659 Agamemnonis,
804 3572 859 3659 qui
869 3571 1010 3668 ,avaritia-
1028 3574 1189 3661 suspectus

158 3673 215 3750 est,
230 3671 317 3758 quod
330 3674 371 3738 ab
389 3671 520 3738 homine
537 3672 686 3746 ditiffimo
707 3672 984 3758 praestantillimsm
999 3697 1113 3762 equam
1127 3675 1187 3743 do·

151 3793 205 3841 ,no
222 3773 518 3860 accepit,eumque
538 3797 557 3839 a
578 3773 699 3841 nuntie
721 3775 900 3841 necestitate
920 3775 1074 3841 liberavit.
1110 3777 1188 3841 Ari·

159 3872 286 3964 stoteles
308 3872 341 3937 id
363 3874 533 3939 commode
554 3874 596 3939 ad
615 3874 741 3941 laudern
759 3877 1012 3964 Agamemnonis
1026 3879 1187 3956 transfert,

157 3972 214 4062 qui
237 3974 410 4060 prudenter
430 3976 775 4063 feceritpraeponenda
794 3978 947 4064 generosa
969 4000 1051 4063 equa
1072 3977 1188 4063 ignavo

130 4077 237 4152 fiviro.
271 4077 382 4142 Thetis
404 4078 584 4159 consolatur
604 4078 704 4143 filium
724 4079 900 4158 Achillem,
921 4079 1096 4143 admonens
1111 4099 1188 4144 eum

118 4257 122 4264 .
156 4192 194 4243 re
207 4199 342 4244 verrerea
356 4178 427 4244 frui.
449 4179 598 4265 Turpiter
611 4179 652 4249 ad
668 4180 823 4266 speciem:
847 4193 881 4245 at
895 4167 1101 4266 turpitudinis
1115 4179 1185 4265 spe·

157 4276 223 4345 cies
237 4278 392 4346 obruetur
403 4280 592 4366 apponendo
603 4277 740 4346 Achillis
754 4277 963 4360 continentia,
975 4275 1030 4365 qui
1045 4279 1188 4366 quamvis

648 4399 676 4443 Μ
692 4397 712 4464 3
