2684 4762
301 333 361 392 ne
381 333 606 393 numerumn
629 333 774 394 101111.
794 336 931 412 11111.
1083 345 1140 410 179

107 492 171 556 stc.
190 492 230 557 T.
247 494 291 559 11.
311 515 343 581 p.
357 515 433 581 533.
477 498 520 562 Et
534 497 575 561 de
589 497 703 561 vitibus
718 496 855 562 maxime
869 497 998 578 dicitur,
1014 511 1059 562 ut.
1072 500 1139 563 La·

107 591 181 655 tinis
192 593 358 681 filvffcare.
392 597 505 662 Sotion
527 597 706 683 Geoponic.
727 599 769 661 V.
787 618 851 678 40:
876 603 927 672 τοὶς
948 600 1137 682 ὑλομανοῦσας

109 692 263 776 (ἄμπῆλυς)
280 704 462 784 μακροτιμᾶν
476 702 523 776 δεῖ,
539 698 792 780 ἔκκληματνῦμινοις
809 704 866 786 γὰρ
884 709 1021 782 λοιφῶσιν.
1059 701 1137 767 Cle·

106 814 197 858 mens
211 795 417 861 Alexandrin.
439 799 611 886 Paedagog.
627 801 655 863 1.
678 821 712 884 p.
729 800 801 883 138.
816 813 856 881 5:
881 806 1064 883 καθολομοινᾶ
1078 807 1136 890 γὰρ

104 899 142 975 μή
164 897 345 980 κλαδεοομὲνο
364 906 380 976 ἡ
397 898 532 980 ἄμπελος.
566 901 711 987 Synefius
728 900 866 965 Insomn.
884 922 917 986 p.
931 915 1003 985 150.
1017 903 1066 966 B:
1089 907 1137 981 nh

104 995 167 1074 ἴλην
189 1005 364 1079 κατασκευὴν
386 1007 433 1077 τῆς
454 1002 574 1087 γλῶτΊης
596 1003 784 1084 ὑλομανοῦσάν
805 1029 836 1065 τι
858 1002 904 1082 καὶ
924 1004 1137 1089 φλεγμαίνινσαν

103 1100 240 1181 ὀνομάτων
256 1102 446 1181 natm--
471 1104 626 1167 orationem
642 1104 838 1191 lascivientem
849 1128 886 1167 aa
897 1118 1138 1169 lamentantem-

104 1200 204 1264 baram
223 1203 365 1268 navitate.
401 1205 564 1278 Johannes
584 1205 825 1293 Chrysostomus
843 1205 968 1269 Homil.
989 1208 1042 1270 De
1058 1210 1137 1276 Fato

102 1316 137 1365 et
161 1303 285 1367 Provid.
301 1305 328 1367 I.
346 1306 386 1369 T·
403 1306 430 1368 1.
450 1327 484 1390 Ρ.
501 1306 573 1389 718.
588 1308 640 1371 D:
664 1307 707 1369 ita
730 1306 858 1394 wint?
878 1307 990 1394 δμιπᾶνῃ
1004 1313 1044 1394 τῷ
1059 1307 1137 1394 λόγῳ

101 1409 139 1466 τοὶ
163 1409 337 1487 ὑλομανιῖντα
358 1407 443 1484 πάθη
458 1412 507 1484 τῆς
527 1407 642 1483 διανοίας
660 1407 867 1496 neptua'ariomt,
890 1408 1021 1496 ἔγκαρπα
1044 1410 1137 1497 δένδρα

100 1506 302 1590 γενῶμιθον-.
353 1507 488 1574 isidorus
512 1510 781 1598 Pelusiota·Epist.
799 1511 842 1574 11.
859 1513 932 1579 228.
952 1513 1078 1577 fortasse
1096 1522 1137 1579 ox

102 1606 165 1673 hoc
186 1608 375 1676 Plutarcheo
397 1611 470 1677 loco
491 1612 645 1696 profecit:
674 1618 772 1700 ἡγὰρ.
787 1614 918 1692 ποιητική
940 1619 995 1686 ἑςιν
1017 1614 1136 1682 61111111

100 1713 222 1791 μυθῶδες
244 1716 411 1792 ἐπιτιθεῖσα,
434 1711 500 1791 ὅλην
522 1713 579 1799 ἔχει
600 1716 631 1777 td
652 1715 759 1793 ψεῦδος,
780 1717 822 1798 ὑφ’
845 1718 930 1792 ἡδονῆς
944 1717 1045 1803 ἀκμίτιι
1059 1723 1134 1804 θρα·

100 1811 229 1894 σννομέιη
252 1810 376 1900 ἔξυὲμῖζει
400 1812 446 1891 κα)
463 1820 601 1896 ύλομοινέι,
620 1818 651 1878 ri
670 1819 791 1897 μυθῶδες
805 1814 852 1895 καὶ
871 1820 1014 1903 θεατρικὸν
1037 1821 1134 1883 ἐπιδει-

59 1969 61 1974 ,
100 1915 226 1999 κνυμίνη.
257 1918 464 2005 Hippocratis
479 1920 581 1998 locus,
593 1943 612 1983 a
626 1920 790 2004 Stephano
804 1920 929 1998 allatus,
942 1923 1040 1985 exstat
1052 1924 1091 1986 Τ.
1105 1923 1134 1986 Ι.

99 2040 133 2108 p.
147 2023 197 2087 16.
207 2022 252 2086 A.
267 2021 327 2085 Ed.
344 2023 491 2088 Charter.
507 2021 658 2108 idemque
671 2022 757 2108 apud
772 2023 863 2087 Stob.
877 2026 980 2087 Serm.
992 2026 1132 2090 LXXII.

97 2143 131 2208 P·
147 2142 223 2204 441·
1127 2166 1132 2179 ¹

97 2248 100 2252 ·
145 2239 196 2309 15.
213 2228 248 2289 F.
273 2223 507 2312 ὄμανδςαγὸςοις]
535 2223 692 2288 Proverbii
706 2223 770 2288 vim
788 2224 886 2290 habet
904 2227 1134 2312 mandragoram

99 2325 210 2412 bibiffe,
231 2328 271 2391 ab
289 2326 386 2413 hujus
407 2326 436 2390 vi
458 2326 650 2412 soporifera:
678 2325 786 2413 tetigit
807 2328 954 2392 Erasmus
976 2351 1009 2415 p.
1028 2330 1131 2413 1376:

97 2429 167 2514 post
194 2451 268 2492 eum
296 2429 477 2516 Stephanus
501 2426 695 2493 Schediasm.
709 2430 770 2493 VI.
786 2430 817 2492 6.
857 2431 896 2492 Τ.
915 2430 1131 2496 Hemsterhus.

97 2528 139 2595 ad
153 2528 287 2594 Luciani
300 2529 441 2595 Timon.
452 2551 486 2617 p.
504 2548 576 2613 103.
613 2528 690 2616 Ejus
705 2550 779 2594 cum
794 2531 866 2594 vino
879 2533 1075 2619 comparatio
1089 2535 1133 2599 est

95 2630 194 2718 apud¹
208 2631 414 2697 Plutarchum
436 2631 581 2719 Sympos.
605 2633 666 2696 111.
682 2648 714 2717 5.
737 2656 771 2720 p.
787 2635 862 2717 652.
885 2633 925 2698 C.
964 2635 1133 2701 Philonem

94 2730 175 2797 dud.
199 2753 233 2818 p.
249 2733 322 2818 896.
338 2734 380 2797 A.
418 2731 669 2819 Xenophontem
690 2732 763 2796 loco
784 2746 895 2798 vexato
916 2735 1062 2822 Sympos.
1084 2735 1130 2801 11.

96 2851 152 2914 24.
171 2839 212 2919 τῷ
230 2839 289 2919 γὰρ
306 2833 359 2896 ὄντι
381 2833 472 2907 induat
486 2831 571 2920 οἷςδοιν
588 2839 638 2908 τοὶς
657 2837 767 2919 ψυχὰς,
785 2839 836 2908 τοὶς
854 2835 905 2915 μὲν
923 2836 1025 2916 minag,
1039 2834 1132 2925 ὥσπερ

95 2940 111 2996 11
123 2936 330 3023 μανδραγόρας,
343 2940 398 3010 τοῖς
413 2937 555 3022 ἀνθρώποις
570 2937 692 3016 κοιμίζει,
706 2943 757 3011 τοὶς
773 2940 800 3000 δὲ
814 2939 1020 3025 φιλοφροσύνας,
1039 2938 1132 3027 ὦπας

96 3035 188 3100 ἔλαιον
211 3039 318 3122 φλόγα,
341 3038 446 3125 ἐγάμει.
493 3040 542 3102 lta
562 3037 813 3117 emendaveram,
832 3062 932 3124 quum
954 3039 1029 3118 vidi,
1052 3039 1131 3103 item

94 3161 155 3225 pto
167 3142 230 3214 τοὺς
243 3141 386 3227 ἀνθρώπως
401 3140 549 3207 Grotium
564 3140 604 3204 ad
619 3141 784 3206 Stobaeum
799 3144 901 3206 Serm.
915 3142 989 3205 XX.
1004 3163 1038 3227 p.
1057 3154 1129 3222 170.

93 3263 114 3306 e
136 3241 248 3306 codice
272 3243 362 3306 Paris.
378 3242 538 3306 annotasse
553 3247 608 3316 τοῖς
624 3243 789 3328 ἀνθρώποις.
821 3242 1000 3306 Athenaeus
1014 3241 1074 3303 XI.
1094 3262 1128 3327 p.

87 3357 171 3427 ³504.
194 3343 234 3408 C.
265 3344 445 3429 fimpliciter
467 3343 565 3407 habet
590 3343 756 3431 ἀνθρώπους,
782 3339 1005 3407 Artemidorus
1026 3342 1054 3405 1.
1073 3343 1127 3409 68.

91 3444 199 3532 ἰονδςδς,
222 3445 310 3531 quod
333 3443 505 3508 Cornarius
526 3458 651 3507 vertens
671 3443 794 3522 dolores,
817 3441 942 3506 videtur
961 3456 1021 3508 aut
1039 3443 1127 3512 inte·

95 3545 172 3611 niffe
190 3563 247 3611 aut
267 3545 430 3612 correxiffe
448 3549 500 3619 τὰς
515 3542 604 3624 avia„
619 3545 668 3609 vel
681 3544 846 3630 ἀλγηδόνας,
862 3567 921 3610 nec
933 3568 953 3610 ιι
967 3568 1041 3612 vero
1055 3564 1126 3613 ma·

86 3672 237 3737 ·gnopere
258 3648 420 3714 aberrntse.
465 3649 503 3712 In
518 3647 609 3712 variis
630 3645 819 3712 lettionibus
839 3646 1027 3714 Collationis
1042 3650 1126 3715 Gro-

94 3753 238 3822 novianae
254 3752 285 3817 in
300 3751 498 3816 Athenaeum
511 3763 546 3815 et
557 3748 799 3817 Artemidorum
813 3749 858 3816 nil
869 3749 913 3814 est
924 3750 1056 3816 medelae
1069 3763 1128 3828 aut

93 3840 264 3920 varietatie.
307 3855 462 3918 Attamen
487 3853 565 3917 inest
590 3852 695 3917 adhuc
709 3851 878 3922 ,mendum
905 3838 1126 3938 Xenophonti.

90 3955 182 4042 quod
204 3957 244 4020 fic
269 3954 442 4019 sanandum
469 3969 581 4040 putem
604 3955 664 4028 τοὺς
687 3950 827 4040 ἄνθρακας
849 3952 972 4035 κοιμίζει,
995 3951 1125 4016 00111111-

91 4055 173 4121 culos
183 4057 277 4141 sedat
288 4081 297 4134 3
327 4068 364 4119 ut
384 4054 545 4119 adhibitus
567 4053 663 4119 fuerit
683 4051 828 4119 adversus
849 4053 920 4118 haec
941 4052 1065 4117 ulcera:
1088 4061 1128 4119 ut

89 4155 240 4225 adversus
255 4157 353 4241 ignem
361 4156 496 4242 sacuam,
513 4153 603 4241 quad
618 4153 735 4220 Plinius
749 4155 847 4220 tradit
861 4153 986 4218 XXVI.
1001 4167 1054 4236 74.
1069 4153 1126 4230 ubi

88 4260 157 4327 vid.
177 4259 403 4333 Harduinumz
430 4257 538 4348 tepet
558 4258 716 4348 expetitus
736 4282 756 4328 a
776 4258 876 4326 Foefio
893 4259 1017 4326 OEeon.
1039 4261 1125 4361 Hip-

607 4381 631 4426 11
648 4379 667 4429 2
