<?xml version="1.0" encoding="UTF-8"?>
<!DOCTYPE html PUBLIC "-//W3C//DTD XHTML 1.0 Transitional//EN"
    "http://www.w3.org/TR/xhtml1/DTD/xhtml1-transitional.dtd">
<html xmlns="http://www.w3.org/1999/xhtml" xml:lang="en" lang="en">
 <head>
  <title>
</title>
<meta http-equiv="Content-Type" content="text/html;charset=utf-8" />
  <meta name='ocr-system' content='tesseract 3.04.00' />
  <meta name='ocr-capabilities' content='ocr_page ocr_carea ocr_par ocr_line ocrx_word'/>
</head>
<body>
  <div class='ocr_page' id='page_1' title='image "./plutarchichaero15plutgoog_0240.png"; bbox 0 0 2684 4762; ppageno 0'>
   <div class='ocr_carea' id='block_1_1' title="bbox 220 308 1105 413">
    <p class='ocr_par' dir='ltr' id='par_1_1' title="bbox 220 308 1105 413">
     <span class='ocr_line' id='line_1_1' title="bbox 220 308 1105 413; baseline -0.003 -36"><span class='ocrx_word' id='word_1_1' title='bbox 220 323 278 378; x_wconf 75' lang='lat'>228</span> <span class='ocrx_word' id='word_1_2' title='bbox 363 317 401 377; x_wconf 92' lang='lat' dir='ltr'>D.</span> <span class='ocrx_word' id='word_1_3' title='bbox 414 317 465 376; x_wconf 89' lang='lat' dir='ltr'>W.</span> <span class='ocrx_word' id='word_1_4' title='bbox 485 308 693 377; x_wconf 62' lang='lat' dir='ltr'>ANHWADV.</span> <span class='ocrx_word' id='word_1_5' title='bbox 713 315 760 378; x_wconf 84' lang='lat' dir='ltr'>IN</span> <span class='ocrx_word' id='word_1_6' title='bbox 781 318 1011 413; x_wconf 72' lang='lat' dir='ltr'>PLUTARCHI</span> <span class='ocrx_word' id='word_1_7' title='bbox 1032 313 1105 377; x_wconf 77' lang='lat' dir='ltr'>Lm.</span> 
     </span>
    </p>
   </div>
   <div class='ocr_carea' id='block_1_2' title="bbox 178 474 1261 4322">
    <p class='ocr_par' dir='ltr' id='par_1_2' title="bbox 178 474 1261 4322">
     <span class='ocr_line' id='line_1_2' title="bbox 221 474 1248 569; baseline -0.003 -26"><span class='ocrx_word' id='word_1_8' title='bbox 221 499 280 565; x_wconf 86' lang='lat' dir='ltr'>pro</span> <span class='ocrx_word' id='word_1_9' title='bbox 298 482 438 559; x_wconf 78' lang='grc' dir='ltr'><em>ἄποδανδς,</em></span> <span class='ocrx_word' id='word_1_10' title='bbox 456 480 539 559; x_wconf 73' lang='grc' dir='ltr'><em>ἄπες,</em></span> <span class='ocrx_word' id='word_1_11' title='bbox 552 480 676 569; x_wconf 81' lang='lat' dir='ltr'>pedibus</span> <span class='ocrx_word' id='word_1_12' title='bbox 697 505 733 545; x_wconf 86' lang='lat' dir='ltr'>ac</span> <span class='ocrx_word' id='word_1_13' title='bbox 742 481 894 568; x_wconf 81' lang='lat' dir='ltr'>firmitate</span> <span class='ocrx_word' id='word_1_14' title='bbox 914 504 1027 559; x_wconf 85' lang='lat' dir='ltr'>carens,</span> <span class='ocrx_word' id='word_1_15' title='bbox 1051 477 1093 544; x_wconf 85' lang='lat' dir='ltr'>de</span> <span class='ocrx_word' id='word_1_16' title='bbox 1113 498 1178 564; x_wconf 92' lang='lat' dir='ltr'>quo</span> <span class='ocrx_word' id='word_1_17' title='bbox 1201 474 1248 540; x_wconf 62' lang='lat' dir='ltr'>vi*</span> 
     </span>
     <span class='ocr_line' id='line_1_3' title="bbox 221 576 1250 670; baseline -0.003 -25"><span class='ocrx_word' id='word_1_18' title='bbox 221 580 345 646; x_wconf 90' lang='lat' dir='ltr'>dendus</span> <span class='ocrx_word' id='word_1_19' title='bbox 360 584 405 646; x_wconf 92' lang='lat' dir='ltr'>H.</span> <span class='ocrx_word' id='word_1_20' title='bbox 421 584 604 670; x_wconf 84' lang='lat' dir='ltr'>Stephanus</span> <span class='ocrx_word' id='word_1_21' title='bbox 617 582 709 648; x_wconf 88' lang='lat' dir='ltr'>Thes.</span> <span class='ocrx_word' id='word_1_22' title='bbox 725 586 763 648; x_wconf 88' lang='lat' dir='ltr'>L.</span> <span class='ocrx_word' id='word_1_23' title='bbox 779 587 837 649; x_wconf 59' lang='lat' dir='ltr'>Gr«</span> <span class='ocrx_word' id='word_1_24' title='bbox 854 584 956 648; x_wconf 90' lang='lat' dir='ltr'>Indic.</span> <span class='ocrx_word' id='word_1_25' title='bbox 972 605 1004 668; x_wconf 88' lang='lat' dir='ltr'>p.</span> <span class='ocrx_word' id='word_1_26' title='bbox 1020 582 1122 647; x_wconf 88' lang='lat'>1028:</span> <span class='ocrx_word' id='word_1_27' title='bbox 1147 576 1250 643; x_wconf 75' lang='lat' dir='ltr'>inter-¹</span> 
     </span>
     <span class='ocr_line' id='line_1_4' title="bbox 215 678 1251 772; baseline -0.005 -24"><span class='ocrx_word' id='word_1_28' title='bbox 215 697 325 770; x_wconf 82' lang='lat' dir='ltr'>-pretes</span> <span class='ocrx_word' id='word_1_29' title='bbox 346 683 386 748; x_wconf 88' lang='lat' dir='ltr'>ad</span> <span class='ocrx_word' id='word_1_30' title='bbox 412 685 553 771; x_wconf 81' lang='lat' dir='ltr'>Hcl&#39;ych.</span> <span class='ocrx_word' id='word_1_31' title='bbox 568 707 638 749; x_wconf 81' lang='lat' dir='ltr'>voc.</span> <span class='ocrx_word' id='word_1_32' title='bbox 660 685 715 749; x_wconf 90' lang='lat' dir='ltr'>ubi</span> <span class='ocrx_word' id='word_1_33' title='bbox 737 685 823 772; x_wconf 92' lang='lat' dir='ltr'>quod</span> <span class='ocrx_word' id='word_1_34' title='bbox 844 686 876 750; x_wconf 90' lang='lat' dir='ltr'>in</span> <span class='ocrx_word' id='word_1_35' title='bbox 897 687 942 749; x_wconf 89' lang='lat' dir='ltr'>H.</span> <span class='ocrx_word' id='word_1_36' title='bbox 957 683 1070 749; x_wconf 87' lang='lat' dir='ltr'>Valefii</span> <span class='ocrx_word' id='word_1_37' title='bbox 1093 695 1169 746; x_wconf 91' lang='lat' dir='ltr'>nota</span> <span class='ocrx_word' id='word_1_38' title='bbox 1189 678 1251 743; x_wconf 61' lang='lat' dir='ltr'>ada</span> 
     </span>
     <span class='ocr_line' id='line_1_5' title="bbox 221 782 1254 872; baseline -0.006 -23"><span class='ocrx_word' id='word_1_39' title='bbox 221 786 323 850; x_wconf 83' lang='lat' dir='ltr'>fertur</span> <span class='ocrx_word' id='word_1_40' title='bbox 345 808 384 849; x_wconf 81' lang='lat' dir='ltr'>ex</span> <span class='ocrx_word' id='word_1_41' title='bbox 409 787 554 850; x_wconf 90' lang='lat' dir='ltr'>Proverb.</span> <span class='ocrx_word' id='word_1_42' title='bbox 577 785 683 850; x_wconf 89' lang='lat' dir='ltr'>Vatic.</span> <span class='ocrx_word' id='word_1_43' title='bbox 707 786 858 872; x_wconf 80' lang='lat' dir='ltr'>Append.</span> <span class='ocrx_word' id='word_1_44' title='bbox 876 788 937 850; x_wconf 88' lang='lat'>111.</span> <span class='ocrx_word' id='word_1_45' title='bbox 952 804 1005 871; x_wconf 84' lang='lat'>31.</span> <span class='ocrx_word' id='word_1_46' title='bbox 1028 782 1157 868; x_wconf 73' lang='grc' dir='ltr'><em>λάγοντας</em></span> <span class='ocrx_word' id='word_1_47' title='bbox 1178 782 1254 858; x_wconf 67' lang='grc' dir='ltr'>δέαὶ</span> 
     </span>
     <span class='ocr_line' id='line_1_6' title="bbox 222 885 1253 975; baseline -0.008 -24"><span class='ocrx_word' id='word_1_48' title='bbox 222 887 299 975; x_wconf 69' lang='grc' dir='ltr'><em>κόρος</em></span> <span class='ocrx_word' id='word_1_49' title='bbox 320 886 455 965; x_wconf 60' lang='lat' dir='ltr'>lesbum),</span> <span class='ocrx_word' id='word_1_50' title='bbox 479 886 588 959; x_wconf 75' lang='grc' dir='ltr'><em>τετίςνν</em></span> <span class='ocrx_word' id='word_1_51' title='bbox 610 892 720 961; x_wconf 64' lang='grc' dir='ltr'><em>ἁδονᾶς</em></span> <span class='ocrx_word' id='word_1_52' title='bbox 741 888 809 975; x_wconf 64' lang='grc' dir='ltr'>περὶ</span> <span class='ocrx_word' id='word_1_53' title='bbox 833 889 866 950; x_wconf 84' lang='grc' dir='ltr'>τδ</span> <span class='ocrx_word' id='word_1_54' title='bbox 886 885 991 970; x_wconf 77' lang='grc' dir='ltr'><em>ᾅπνδον,</em></span> <span class='ocrx_word' id='word_1_55' title='bbox 1015 886 1057 948; x_wconf 84' lang='lat' dir='ltr'>ab</span> <span class='ocrx_word' id='word_1_56' title='bbox 1079 885 1253 967; x_wconf 76' lang='lat' dir='ltr'><strong>interprete</strong></span> 
     </span>
     <span class='ocr_line' id='line_1_7' title="bbox 220 982 1250 1074; baseline -0.011 -21"><span class='ocrx_word' id='word_1_57' title='bbox 220 988 337 1054; x_wconf 79' lang='lat' dir='ltr'>Latino</span> <span class='ocrx_word' id='word_1_58' title='bbox 351 987 523 1066; x_wconf 88' lang='lat' dir='ltr'>redditum,</span> <span class='ocrx_word' id='word_1_59' title='bbox 540 987 691 1051; x_wconf 77' lang='lat' dir='ltr'><em>Dicuntur</em></span> <span class='ocrx_word' id='word_1_60' title='bbox 704 999 802 1050; x_wconf 80' lang='lat' dir='ltr'>autem</span> <span class='ocrx_word' id='word_1_61' title='bbox 820 987 955 1074; x_wconf 82' lang='lat' dir='ltr'>virgines</span> <span class='ocrx_word' id='word_1_62' title='bbox 974 984 1039 1048; x_wconf 81' lang='lat' dir='ltr'>illae</span> <span class='ocrx_word' id='word_1_63' title='bbox 1064 982 1250 1066; x_wconf 76' lang='lat' dir='ltr'><em>(Danaides)</em></span> 
     </span>
     <span class='ocr_line' id='line_1_8' title="bbox 220 1083 1253 1181; baseline -0.009 -27"><span class='ocrx_word' id='word_1_64' title='bbox 220 1089 357 1170; x_wconf 68' lang='grc' dir='ltr'><em>ἡπεδανοδ,</em></span> <span class='ocrx_word' id='word_1_65' title='bbox 380 1089 499 1168; x_wconf 78' lang='lat' dir='ltr'><em>debiles,</em></span> <span class='ocrx_word' id='word_1_66' title='bbox 521 1091 577 1153; x_wconf 80' lang='lat' dir='ltr'>hoc</span> <span class='ocrx_word' id='word_1_67' title='bbox 598 1088 646 1175; x_wconf 83' lang='lat' dir='ltr'>est,</span> <span class='ocrx_word' id='word_1_68' title='bbox 672 1089 716 1151; x_wconf 84' lang='lat' dir='ltr'>ud</span> <span class='ocrx_word' id='word_1_69' title='bbox 733 1088 861 1181; x_wconf 60' lang='lat' dir='ltr'>planum</span> <span class='ocrx_word' id='word_1_70' title='bbox 885 1087 1050 1165; x_wconf 69' lang='lat' dir='ltr'>imbecilla,</span> <span class='ocrx_word' id='word_1_71' title='bbox 1074 1083 1165 1148; x_wconf 86' lang='lat' dir='ltr'>nihili</span> <span class='ocrx_word' id='word_1_72' title='bbox 1186 1084 1253 1146; x_wconf 84' lang='lat' dir='ltr'>est:</span> 
     </span>
     <span class='ocr_line' id='line_1_9' title="bbox 220 1183 1253 1279; baseline -0.007 -22"><span class='ocrx_word' id='word_1_73' title='bbox 220 1214 280 1279; x_wconf 88' lang='lat' dir='ltr'>pro</span> <span class='ocrx_word' id='word_1_74' title='bbox 300 1195 368 1279; x_wconf 70' lang='grc' dir='ltr'>περὶ</span> <span class='ocrx_word' id='word_1_75' title='bbox 390 1183 731 1279; x_wconf 76' lang='lat' dir='ltr'>corrigendum&#39;erupot‚</span> <span class='ocrx_word' id='word_1_76' title='bbox 752 1192 814 1257; x_wconf 90' lang='lat' dir='ltr'>boc</span> <span class='ocrx_word' id='word_1_77' title='bbox 829 1193 929 1271; x_wconf 88' lang='lat' dir='ltr'>sensu,</span> <span class='ocrx_word' id='word_1_78' title='bbox 946 1191 1099 1255; x_wconf 79' lang='lat' dir='ltr'><em>Dicuntur</em></span> <span class='ocrx_word' id='word_1_79' title='bbox 1116 1189 1166 1250; x_wconf 74' lang='grc' dir='ltr'>διε</span> <span class='ocrx_word' id='word_1_80' title='bbox 1182 1188 1253 1252; x_wconf 80' lang='lat' dir='ltr'>vir-</span> 
     </span>
     <span class='ocr_line' id='line_1_10' title="bbox 216 1288 1254 1382; baseline -0.004 -24"><span class='ocrx_word' id='word_1_81' title='bbox 216 1295 305 1382; x_wconf 80' lang='lat' dir='ltr'>gines</span> <span class='ocrx_word' id='word_1_82' title='bbox 327 1294 464 1374; x_wconf 63' lang='grc' dir='ltr'><em>θοννδανα),</em></span> <span class='ocrx_word' id='word_1_83' title='bbox 490 1295 524 1357; x_wconf 83' lang='lat' dir='ltr'>id</span> <span class='ocrx_word' id='word_1_84' title='bbox 546 1294 595 1379; x_wconf 82' lang='lat' dir='ltr'>est,</span> <span class='ocrx_word' id='word_1_85' title='bbox 620 1294 738 1373; x_wconf 70' lang='lat' dir='ltr'>debiles,</span> <span class='ocrx_word' id='word_1_86' title='bbox 765 1321 785 1358; x_wconf 86' lang='lat' dir='ltr'>a</span> <span class='ocrx_word' id='word_1_87' title='bbox 807 1294 949 1358; x_wconf 83' lang='lat' dir='ltr'>vocabulo</span> <span class='ocrx_word' id='word_1_88' title='bbox 973 1291 1079 1355; x_wconf 80' lang='grc' dir='ltr'><em>άπεδον.</em></span> <span class='ocrx_word' id='word_1_89' title='bbox 1126 1288 1191 1353; x_wconf 88' lang='lat' dir='ltr'>Sed</span> <span class='ocrx_word' id='word_1_90' title='bbox 1213 1290 1254 1354; x_wconf 83' lang='lat' dir='ltr'>ad</span> 
     </span>
     <span class='ocr_line' id='line_1_11' title="bbox 220 1394 1253 1480; baseline -0.003 -20"><span class='ocrx_word' id='word_1_91' title='bbox 220 1396 366 1461; x_wconf 87' lang='lat' dir='ltr'>eamdem</span> <span class='ocrx_word' id='word_1_92' title='bbox 388 1411 553 1462; x_wconf 88' lang='lat' dir='ltr'>revocetur</span> <span class='ocrx_word' id='word_1_93' title='bbox 573 1397 740 1476; x_wconf 87' lang='lat' dir='ltr'>rationem,</span> <span class='ocrx_word' id='word_1_94' title='bbox 763 1398 783 1461; x_wconf 85' lang='lat' dir='ltr'>sr</span> <span class='ocrx_word' id='word_1_95' title='bbox 810 1397 947 1462; x_wconf 88' lang='lat' dir='ltr'>ducatur</span> <span class='ocrx_word' id='word_1_96' title='bbox 967 1398 1007 1461; x_wconf 88' lang='lat' dir='ltr'>ab</span> <span class='ocrx_word' id='word_1_97' title='bbox 1030 1394 1113 1473; x_wconf 74' lang='grc' dir='ltr'><em>ἠπίου,</em></span> <span class='ocrx_word' id='word_1_98' title='bbox 1130 1396 1253 1480; x_wconf 64' lang='lat' dir='ltr'>saraim</span> 
     </span>
     <span class='ocr_line' id='line_1_12' title="bbox 220 1494 1253 1585; baseline -0.003 -24"><span class='ocrx_word' id='word_1_99' title='bbox 220 1512 260 1561; x_wconf 88' lang='lat' dir='ltr'>ut</span> <span class='ocrx_word' id='word_1_100' title='bbox 283 1498 319 1561; x_wconf 87' lang='lat' dir='ltr'>fit</span> <span class='ocrx_word' id='word_1_101' title='bbox 340 1499 422 1584; x_wconf 83' lang='lat' dir='ltr'>quafi</span> <span class='ocrx_word' id='word_1_102' title='bbox 435 1497 573 1582; x_wconf 70' lang='lat' dir='ltr'>fratum</span> <span class='ocrx_word' id='word_1_103' title='bbox 596 1509 623 1560; x_wconf 82' lang='lat' dir='ltr'>ct</span> <span class='ocrx_word' id='word_1_104' title='bbox 637 1499 845 1582; x_wconf 77' lang='lat' dir='ltr'>sarciendum3</span> <span class='ocrx_word' id='word_1_105' title='bbox 874 1498 915 1562; x_wconf 88' lang='lat' dir='ltr'>de</span> <span class='ocrx_word' id='word_1_106' title='bbox 937 1521 1001 1585; x_wconf 90' lang='lat' dir='ltr'>quo</span> <span class='ocrx_word' id='word_1_107' title='bbox 1027 1498 1070 1560; x_wconf 90' lang='lat' dir='ltr'>est</span> <span class='ocrx_word' id='word_1_108' title='bbox 1093 1494 1179 1580; x_wconf 82' lang='lat' dir='ltr'>apud</span> <span class='ocrx_word' id='word_1_109' title='bbox 1207 1497 1253 1559; x_wconf 80' lang='lat' dir='ltr'>H.</span> 
     </span>
     <span class='ocr_line' id='line_1_13' title="bbox 221 1595 1253 1684; baseline -0.004 -25"><span class='ocrx_word' id='word_1_110' title='bbox 221 1597 334 1682; x_wconf 83' lang='lat' dir='ltr'>steph.</span> <span class='ocrx_word' id='word_1_111' title='bbox 349 1598 393 1661; x_wconf 88' lang='lat' dir='ltr'>ib.</span> <span class='ocrx_word' id='word_1_112' title='bbox 414 1618 447 1682; x_wconf 91' lang='lat' dir='ltr'>p.</span> <span class='ocrx_word' id='word_1_113' title='bbox 462 1599 554 1663; x_wconf 89' lang='lat'>1028.</span> <span class='ocrx_word' id='word_1_114' title='bbox 577 1611 612 1660; x_wconf 89' lang='lat' dir='ltr'>et</span> <span class='ocrx_word' id='word_1_115' title='bbox 633 1596 820 1682; x_wconf 81' lang='lat' dir='ltr'>interpretes</span> <span class='ocrx_word' id='word_1_116' title='bbox 840 1597 992 1684; x_wconf 88' lang='lat' dir='ltr'>Hesychii</span> <span class='ocrx_word' id='word_1_117' title='bbox 1015 1617 1083 1661; x_wconf 89' lang='lat' dir='ltr'>voc.</span> <span class='ocrx_word' id='word_1_118' title='bbox 1098 1595 1253 1682; x_wconf 71' lang='grc' dir='ltr'><em>Ἢπῆτςνοι.</em></span> 
     </span>
     <span class='ocr_line' id='line_1_14' title="bbox 221 1696 1253 1785; baseline -0.003 -23"><span class='ocrx_word' id='word_1_119' title='bbox 221 1700 331 1762; x_wconf 88' lang='lat' dir='ltr'>Habet</span> <span class='ocrx_word' id='word_1_120' title='bbox 353 1699 485 1763; x_wconf 89' lang='lat' dir='ltr'>omnino</span> <span class='ocrx_word' id='word_1_121' title='bbox 503 1701 518 1761; x_wconf 93' lang='grc' dir='ltr'><em>δ</em></span> <span class='ocrx_word' id='word_1_122' title='bbox 536 1697 644 1763; x_wconf 86' lang='lat' dir='ltr'>locum</span> <span class='ocrx_word' id='word_1_123' title='bbox 660 1699 690 1762; x_wconf 87' lang='lat' dir='ltr'>in</span> <span class='ocrx_word' id='word_1_124' title='bbox 707 1698 982 1785; x_wconf 69' lang='lat' dir='ltr'>productionibus,</span> <span class='ocrx_word' id='word_1_125' title='bbox 1000 1722 1065 1762; x_wconf 89' lang='lat' dir='ltr'>non</span> <span class='ocrx_word' id='word_1_126' title='bbox 1080 1696 1177 1760; x_wconf 88' lang='lat' dir='ltr'>modo</span> <span class='ocrx_word' id='word_1_127' title='bbox 1192 1716 1253 1761; x_wconf 85' lang='lat' dir='ltr'>no-</span> 
     </span>
     <span class='ocr_line' id='line_1_15' title="bbox 221 1787 1254 1878; baseline -0.006 -14"><span class='ocrx_word' id='word_1_128' title='bbox 221 1799 341 1865; x_wconf 71' lang='lat' dir='ltr'>tiffim&#39;rs</span> <span class='ocrx_word' id='word_1_129' title='bbox 364 1801 426 1865; x_wconf 84' lang='lat' dir='ltr'>illis</span> <span class='ocrx_word' id='word_1_130' title='bbox 452 1800 590 1865; x_wconf 75' lang='lat' dir='ltr'>Genitiai</span> <span class='ocrx_word' id='word_1_131' title='bbox 616 1801 795 1866; x_wconf 83' lang='lat' dir='ltr'>Nominum</span> <span class='ocrx_word' id='word_1_132' title='bbox 821 1801 1029 1866; x_wconf 77' lang='lat' dir='ltr'>desinentium</span> <span class='ocrx_word' id='word_1_133' title='bbox 1054 1801 1086 1864; x_wconf 90' lang='lat' dir='ltr'>in</span> <span class='ocrx_word' id='word_1_134' title='bbox 1111 1787 1135 1878; x_wconf 66' lang='grc' dir='ltr'><em>ς,</em></span> <span class='ocrx_word' id='word_1_135' title='bbox 1156 1794 1254 1861; x_wconf 85' lang='lat' dir='ltr'>veluti</span> 
     </span>
     <span class='ocr_line' id='line_1_16' title="bbox 219 1902 1255 1991; baseline -0.002 -26"><span class='ocrx_word' id='word_1_136' title='bbox 219 1907 315 1985; x_wconf 77' lang='grc' dir='ltr'><em>μονάς,</em></span> <span class='ocrx_word' id='word_1_137' title='bbox 336 1903 460 1984; x_wconf 78' lang='grc' dir='ltr'><em>μονάδος,</em></span> <span class='ocrx_word' id='word_1_138' title='bbox 484 1916 516 1966; x_wconf 94' lang='lat' dir='ltr'>et</span> <span class='ocrx_word' id='word_1_139' title='bbox 538 1903 736 1982; x_wconf 82' lang='lat' dir='ltr'>Verbalium‚</span> <span class='ocrx_word' id='word_1_140' title='bbox 757 1904 853 1984; x_wconf 82' lang='grc' dir='ltr'><em>βάδην,</em></span> <span class='ocrx_word' id='word_1_141' title='bbox 876 1905 962 1991; x_wconf 69' lang='grc' dir='ltr'><em>ῥύδην,</em></span> <span class='ocrx_word' id='word_1_142' title='bbox 986 1902 1080 1989; x_wconf 67' lang='grc' dir='ltr'><em>χάδην,</em></span> <span class='ocrx_word' id='word_1_143' title='bbox 1100 1902 1200 1988; x_wconf 77' lang='grc' dir='ltr'><em>χάδην,</em></span> <span class='ocrx_word' id='word_1_144' title='bbox 1220 1914 1255 1963; x_wconf 89' lang='lat' dir='ltr'>et</span> 
     </span>
     <span class='ocr_line' id='line_1_17' title="bbox 220 2000 1255 2088; baseline -0.002 -24"><span class='ocrx_word' id='word_1_145' title='bbox 220 2000 504 2069; x_wconf 84' lang='lat' dir='ltr'>innumerabilibus</span> <span class='ocrx_word' id='word_1_146' title='bbox 519 2001 669 2066; x_wconf 75' lang='lat' dir='ltr'>similibus</span> <span class='ocrx_word' id='word_1_147' title='bbox 683 2005 741 2067; x_wconf 88' lang='lat' dir='ltr'>usu</span> <span class='ocrx_word' id='word_1_148' title='bbox 756 2004 855 2067; x_wconf 84' lang='lat' dir='ltr'>tritis:</span> <span class='ocrx_word' id='word_1_149' title='bbox 879 2003 931 2066; x_wconf 88' lang='lat' dir='ltr'>sed</span> <span class='ocrx_word' id='word_1_150' title='bbox 944 2016 977 2066; x_wconf 92' lang='lat' dir='ltr'>et</span> <span class='ocrx_word' id='word_1_151' title='bbox 991 2001 1192 2088; x_wconf 73' lang='lat' dir='ltr'>simplicium,</span> <span class='ocrx_word' id='word_1_152' title='bbox 1212 2026 1255 2063; x_wconf 83' lang='grc' dir='ltr'>αον</span> 
     </span>
     <span class='ocr_line' id='line_1_18' title="bbox 219 2103 1255 2191; baseline 0.002 -25"><span class='ocrx_word' id='word_1_153' title='bbox 219 2105 288 2182; x_wconf 75' lang='grc' dir='ltr'><em>αδον,</em></span> <span class='ocrx_word' id='word_1_154' title='bbox 304 2129 338 2166; x_wconf 79' lang='lat' dir='ltr'>eu</span> <span class='ocrx_word' id='word_1_155' title='bbox 352 2105 413 2181; x_wconf 79' lang='grc' dir='ltr'><em>εδον,</em></span> <span class='ocrx_word' id='word_1_156' title='bbox 430 2130 460 2166; x_wconf 80' lang='grc' dir='ltr'>νον</span> <span class='ocrx_word' id='word_1_157' title='bbox 475 2106 531 2181; x_wconf 83' lang='grc' dir='ltr'><em>νδοο,</em></span> <span class='ocrx_word' id='word_1_158' title='bbox 551 2129 586 2167; x_wconf 80' lang='lat' dir='ltr'>ou</span> <span class='ocrx_word' id='word_1_159' title='bbox 600 2107 660 2183; x_wconf 80' lang='grc' dir='ltr'><em>οδω,</em></span> <span class='ocrx_word' id='word_1_160' title='bbox 676 2132 713 2168; x_wconf 80' lang='grc' dir='ltr'>νον</span> <span class='ocrx_word' id='word_1_161' title='bbox 727 2108 789 2168; x_wconf 82' lang='grc' dir='ltr'><em>υδα.</em></span> <span class='ocrx_word' id='word_1_162' title='bbox 821 2105 1018 2169; x_wconf 86' lang='lat' dir='ltr'>Termiuatio</span> <span class='ocrx_word' id='word_1_163' title='bbox 1033 2105 1103 2170; x_wconf 84' lang='lat' dir='ltr'>haec</span> <span class='ocrx_word' id='word_1_164' title='bbox 1118 2103 1255 2191; x_wconf 83' lang='lat' dir='ltr'>reliquas</span> 
     </span>
     <span class='ocr_line' id='line_1_19' title="bbox 219 2205 1253 2292; baseline 0.003 -24"><span class='ocrx_word' id='word_1_165' title='bbox 219 2205 343 2269; x_wconf 86' lang='lat' dir='ltr'>vocales</span> <span class='ocrx_word' id='word_1_166' title='bbox 357 2220 556 2292; x_wconf 81' lang='lat' dir='ltr'>pervagatur,</span> <span class='ocrx_word' id='word_1_167' title='bbox 577 2206 612 2269; x_wconf 79' lang='lat' dir='ltr'>stt</span> <span class='ocrx_word' id='word_1_168' title='bbox 633 2209 712 2284; x_wconf 75' lang='grc' dir='ltr'><em>δενος,</em></span> <span class='ocrx_word' id='word_1_169' title='bbox 737 2209 812 2286; x_wconf 85' lang='grc' dir='ltr'><em>δονος,</em></span> <span class='ocrx_word' id='word_1_170' title='bbox 835 2209 1028 2285; x_wconf 75' lang='grc' dir='ltr'><em>δονος,-δννοςε</em></span> <span class='ocrx_word' id='word_1_171' title='bbox 1059 2220 1093 2271; x_wconf 86' lang='lat' dir='ltr'>et</span> <span class='ocrx_word' id='word_1_172' title='bbox 1112 2207 1176 2270; x_wconf 86' lang='lat' dir='ltr'>fine</span> <span class='ocrx_word' id='word_1_173' title='bbox 1195 2230 1253 2271; x_wconf 73' lang='lat' dir='ltr'>vo-</span> 
     </span>
     <span class='ocr_line' id='line_1_20' title="bbox 219 2305 1254 2392; baseline 0.001 -23"><span class='ocrx_word' id='word_1_174' title='bbox 219 2305 292 2383; x_wconf 80' lang='lat' dir='ltr'>cali,</span> <span class='ocrx_word' id='word_1_175' title='bbox 316 2308 382 2384; x_wconf 84' lang='grc' dir='ltr'><em>δνδς,</em></span> <span class='ocrx_word' id='word_1_176' title='bbox 404 2309 571 2383; x_wconf 77' lang='grc' dir='ltr'><em>ἀλαπαδνὸς,</em></span> <span class='ocrx_word' id='word_1_177' title='bbox 595 2308 692 2384; x_wconf 82' lang='grc' dir='ltr'><em>κεδνδς,</em></span> <span class='ocrx_word' id='word_1_178' title='bbox 712 2309 817 2386; x_wconf 74' lang='grc' dir='ltr'><em>ψεδνὸς,</em></span> <span class='ocrx_word' id='word_1_179' title='bbox 840 2310 921 2387; x_wconf 84' lang='grc' dir='ltr'><em>ὑδνδς,</em></span> <span class='ocrx_word' id='word_1_180' title='bbox 941 2309 1067 2390; x_wconf 81' lang='grc' dir='ltr'><em>μηκεδνδς</em></span> <span class='ocrx_word' id='word_1_181' title='bbox 1085 2328 1146 2392; x_wconf 87' lang='lat' dir='ltr'>pro</span> <span class='ocrx_word' id='word_1_182' title='bbox 1164 2333 1254 2389; x_wconf 77' lang='grc' dir='ltr'><em>μηνοε-</em></span> 
     </span>
     <span class='ocr_line' id='line_1_21' title="bbox 219 2405 1255 2491; baseline 0.002 -23"><span class='ocrx_word' id='word_1_183' title='bbox 219 2407 307 2483; x_wconf 81' lang='grc' dir='ltr'><em>δανδς,</em></span> <span class='ocrx_word' id='word_1_184' title='bbox 331 2406 439 2491; x_wconf 87' lang='lat' dir='ltr'>prouti</span> <span class='ocrx_word' id='word_1_185' title='bbox 463 2405 568 2469; x_wconf 83' lang='lat' dir='ltr'>Graeci</span> <span class='ocrx_word' id='word_1_186' title='bbox 591 2406 721 2470; x_wconf 84' lang='lat' dir='ltr'>nomina</span> <span class='ocrx_word' id='word_1_187' title='bbox 743 2407 856 2471; x_wconf 83' lang='lat' dir='ltr'>Latina</span> <span class='ocrx_word' id='word_1_188' title='bbox 879 2408 1073 2472; x_wconf 87' lang='lat' dir='ltr'>contrahunt</span> <span class='ocrx_word' id='word_1_189' title='bbox 1095 2407 1255 2487; x_wconf 76' lang='lat' dir='ltr'>Lentulus,</span> 
     </span>
     <span class='ocr_line' id='line_1_22' title="bbox 221 2504 1256 2596; baseline 0.003 -26"><span class='ocrx_word' id='word_1_190' title='bbox 221 2504 360 2585; x_wconf 78' lang='lat' dir='ltr'>Catulus,</span> <span class='ocrx_word' id='word_1_191' title='bbox 376 2506 533 2586; x_wconf 84' lang='lat' dir='ltr'>Proculus,</span> <span class='ocrx_word' id='word_1_192' title='bbox 549 2505 691 2585; x_wconf 56' lang='grc' dir='ltr'><em>Λέντλθ,</em></span> <span class='ocrx_word' id='word_1_193' title='bbox 707 2507 842 2589; x_wconf 47' lang='lat' dir='ltr'>Kalend,</span> <span class='ocrx_word' id='word_1_194' title='bbox 858 2509 1000 2596; x_wconf 66' lang='grc' dir='ltr'><em>Πρόκλος,</em></span> <span class='ocrx_word' id='word_1_195' title='bbox 1018 2508 1123 2572; x_wconf 69' lang='lat' dir='ltr'>launi</span> <span class='ocrx_word' id='word_1_196' title='bbox 1140 2510 1256 2573; x_wconf 80' lang='lat' dir='ltr'>Gtaeca</span> 
     </span>
     <span class='ocr_line' id='line_1_23' title="bbox 218 2605 1255 2696; baseline 0.005 -26"><span class='ocrx_word' id='word_1_197' title='bbox 218 2605 379 2670; x_wconf 86' lang='lat' dir='ltr'>diducunt</span> <span class='ocrx_word' id='word_1_198' title='bbox 392 2610 574 2683; x_wconf 76' lang='grc' dir='ltr'><em>Αῖοκληπνδς,</em></span> <span class='ocrx_word' id='word_1_199' title='bbox 587 2609 743 2693; x_wconf 75' lang='grc' dir='ltr'><em>Ἡρακλῆς,</em></span> <span class='ocrx_word' id='word_1_200' title='bbox 758 2608 965 2696; x_wconf 82' lang='lat' dir='ltr'>AEsculapius,</span> <span class='ocrx_word' id='word_1_201' title='bbox 984 2609 1140 2677; x_wconf 77' lang='lat' dir='ltr'>Hercules.</span> <span class='ocrx_word' id='word_1_202' title='bbox 1176 2613 1255 2675; x_wconf 89' lang='lat' dir='ltr'>Ma·</span> 
     </span>
     <span class='ocr_line' id='line_1_24' title="bbox 219 2705 1255 2782; baseline 0.004 -11"><span class='ocrx_word' id='word_1_203' title='bbox 219 2706 358 2771; x_wconf 88' lang='lat' dir='ltr'>cedones</span> <span class='ocrx_word' id='word_1_204' title='bbox 381 2706 456 2768; x_wconf 85' lang='grc' dir='ltr'><em>δάνον</em></span> <span class='ocrx_word' id='word_1_205' title='bbox 470 2705 576 2770; x_wconf 82' lang='lat' dir='ltr'>dixiffe</span> <span class='ocrx_word' id='word_1_206' title='bbox 590 2706 709 2771; x_wconf 64' lang='grc' dir='ltr'><em>θάνατον</em></span> <span class='ocrx_word' id='word_1_207' title='bbox 725 2733 799 2773; x_wconf 92' lang='lat' dir='ltr'>cum</span> <span class='ocrx_word' id='word_1_208' title='bbox 818 2709 980 2774; x_wconf 80' lang='lat' dir='ltr'>Plutarchi</span> <span class='ocrx_word' id='word_1_209' title='bbox 995 2711 1167 2782; x_wconf 67' lang='lat' dir='ltr'>auctoritas</span> <span class='ocrx_word' id='word_1_210' title='bbox 1182 2732 1255 2775; x_wconf 91' lang='lat' dir='ltr'>cre·</span> 
     </span>
     <span class='ocr_line' id='line_1_25' title="bbox 219 2806 1257 2898; baseline 0.003 -28"><span class='ocrx_word' id='word_1_211' title='bbox 219 2806 410 2893; x_wconf 83' lang='lat' dir='ltr'>derejubet,</span> <span class='ocrx_word' id='word_1_212' title='bbox 426 2821 496 2870; x_wconf 88' lang='lat' dir='ltr'>tum</span> <span class='ocrx_word' id='word_1_213' title='bbox 511 2807 591 2871; x_wconf 90' lang='lat' dir='ltr'>ratio</span> <span class='ocrx_word' id='word_1_214' title='bbox 605 2808 755 2872; x_wconf 85' lang='lat' dir='ltr'>credibile</span> <span class='ocrx_word' id='word_1_215' title='bbox 769 2808 871 2872; x_wconf 87' lang='lat' dir='ltr'>reddit</span> <span class='ocrx_word' id='word_1_216' title='bbox 876 2835 885 2890; x_wconf 83' lang='lat'>3</span> <span class='ocrx_word' id='word_1_217' title='bbox 909 2810 1061 2896; x_wconf 77' lang='lat' dir='ltr'>siquidem</span> <span class='ocrx_word' id='word_1_218' title='bbox 1077 2810 1130 2874; x_wconf 86' lang='lat' dir='ltr'>illa</span> <span class='ocrx_word' id='word_1_219' title='bbox 1144 2810 1257 2898; x_wconf 85' lang='lat' dir='ltr'>lingua</span> 
     </span>
     <span class='ocr_line' id='line_1_26' title="bbox 219 2908 1258 2998; baseline 0.005 -26"><span class='ocrx_word' id='word_1_220' title='bbox 219 2908 281 2973; x_wconf 85' lang='lat' dir='ltr'>fuit</span> <span class='ocrx_word' id='word_1_221' title='bbox 294 2910 344 2973; x_wconf 90' lang='lat' dir='ltr'>vel</span> <span class='ocrx_word' id='word_1_222' title='bbox 365 2930 509 2997; x_wconf 89' lang='lat' dir='ltr'>propago</span> <span class='ocrx_word' id='word_1_223' title='bbox 523 2909 573 2974; x_wconf 85' lang='lat' dir='ltr'>vel</span> <span class='ocrx_word' id='word_1_224' title='bbox 595 2909 695 2973; x_wconf 87' lang='lat' dir='ltr'>affinis</span> <span class='ocrx_word' id='word_1_225' title='bbox 710 2909 845 2974; x_wconf 84' lang='lat' dir='ltr'>AEolicae</span> <span class='ocrx_word' id='word_1_226' title='bbox 864 2911 1013 2992; x_wconf 72' lang='lat' dir='ltr'>Dialecli,</span> <span class='ocrx_word' id='word_1_227' title='bbox 1037 2911 1158 2998; x_wconf 85' lang='lat' dir='ltr'>etjam</span> <span class='ocrx_word' id='word_1_228' title='bbox 1180 2929 1258 2977; x_wconf 88' lang='lat' dir='ltr'>ante</span> 
     </span>
     <span class='ocr_line' id='line_1_27' title="bbox 219 3013 1257 3101; baseline 0.006 -24"><span class='ocrx_word' id='word_1_229' title='bbox 219 3013 384 3079; x_wconf 67' lang='lat' dir='ltr'>indultam</span> <span class='ocrx_word' id='word_1_230' title='bbox 405 3020 428 3077; x_wconf 67' lang='grc' dir='ltr'><em>δ</em></span> <span class='ocrx_word' id='word_1_231' title='bbox 448 3015 572 3080; x_wconf 87' lang='lat' dir='ltr'>literam</span> <span class='ocrx_word' id='word_1_232' title='bbox 594 3014 707 3101; x_wconf 83' lang='lat' dir='ltr'>viguit.</span> <span class='ocrx_word' id='word_1_233' title='bbox 752 3015 911 3101; x_wconf 88' lang='lat' dir='ltr'>Equidem</span> <span class='ocrx_word' id='word_1_234' title='bbox 933 3017 1073 3095; x_wconf 87' lang='lat' dir='ltr'>credam,</span> <span class='ocrx_word' id='word_1_235' title='bbox 1092 3017 1257 3083; x_wconf 82' lang='lat' dir='ltr'>vetussiffi·</span> 
     </span>
     <span class='ocr_line' id='line_1_28' title="bbox 219 3117 1258 3204; baseline 0.005 -22"><span class='ocrx_word' id='word_1_236' title='bbox 219 3136 305 3182; x_wconf 86' lang='lat' dir='ltr'>mam</span> <span class='ocrx_word' id='word_1_237' title='bbox 329 3117 464 3181; x_wconf 87' lang='lat' dir='ltr'>formam</span> <span class='ocrx_word' id='word_1_238' title='bbox 487 3117 582 3204; x_wconf 89' lang='lat' dir='ltr'>hujus</span> <span class='ocrx_word' id='word_1_239' title='bbox 605 3117 743 3181; x_wconf 87' lang='lat' dir='ltr'>nominis</span> <span class='ocrx_word' id='word_1_240' title='bbox 762 3118 850 3182; x_wconf 79' lang='lat' dir='ltr'>fuille</span> <span class='ocrx_word' id='word_1_241' title='bbox 872 3120 945 3194; x_wconf 86' lang='grc' dir='ltr'><em>δάνος</em></span> <span class='ocrx_word' id='word_1_242' title='bbox 964 3135 999 3184; x_wconf 89' lang='lat' dir='ltr'>et</span> <span class='ocrx_word' id='word_1_243' title='bbox 1020 3120 1144 3200; x_wconf 84' lang='grc' dir='ltr'><em>δάνατος,</em></span> <span class='ocrx_word' id='word_1_244' title='bbox 1168 3122 1258 3187; x_wconf 90' lang='lat' dir='ltr'>unde</span> 
     </span>
     <span class='ocr_line' id='line_1_29' title="bbox 218 3215 1258 3302; baseline 0.006 -23"><span class='ocrx_word' id='word_1_245' title='bbox 218 3216 325 3302; x_wconf 86' lang='lat' dir='ltr'>postea</span> <span class='ocrx_word' id='word_1_246' title='bbox 339 3215 477 3279; x_wconf 71' lang='lat' dir='ltr'>indultis</span> <span class='ocrx_word' id='word_1_247' title='bbox 497 3216 614 3279; x_wconf 90' lang='lat' dir='ltr'>Ionicis</span> <span class='ocrx_word' id='word_1_248' title='bbox 635 3215 801 3280; x_wconf 88' lang='lat' dir='ltr'>elementis</span> <span class='ocrx_word' id='word_1_249' title='bbox 816 3217 937 3282; x_wconf 69' lang='lat' dir='ltr'>fadum</span> <span class='ocrx_word' id='word_1_250' title='bbox 956 3220 1048 3297; x_wconf 73' lang='grc' dir='ltr'><em>δάνος,</em></span> <span class='ocrx_word' id='word_1_251' title='bbox 1068 3220 1203 3299; x_wconf 73' lang='grc' dir='ltr'><em>θάνατος,</em></span> <span class='ocrx_word' id='word_1_252' title='bbox 1223 3237 1258 3285; x_wconf 90' lang='lat' dir='ltr'>ct</span> 
     </span>
     <span class='ocr_line' id='line_1_30' title="bbox 218 3317 1258 3406; baseline 0.006 -27"><span class='ocrx_word' id='word_1_253' title='bbox 218 3319 312 3381; x_wconf 87' lang='lat' dir='ltr'>verba</span> <span class='ocrx_word' id='word_1_254' title='bbox 328 3317 416 3397; x_wconf 69' lang='grc' dir='ltr'><em>θάνω,</em></span> <span class='ocrx_word' id='word_1_255' title='bbox 442 3317 543 3395; x_wconf 68' lang='grc' dir='ltr'><em>θανόν),</em></span> <span class='ocrx_word' id='word_1_256' title='bbox 566 3317 688 3393; x_wconf 56' lang='lat' dir='ltr'>bulanu.</span> <span class='ocrx_word' id='word_1_257' title='bbox 735 3317 932 3383; x_wconf 72' lang='lat' dir='ltr'>l’rimitirum</span> <span class='ocrx_word' id='word_1_258' title='bbox 957 3320 1012 3382; x_wconf 82' lang='grc' dir='ltr'><em>δάον</em></span> <span class='ocrx_word' id='word_1_259' title='bbox 1034 3343 1054 3384; x_wconf 89' lang='lat' dir='ltr'>a</span> <span class='ocrx_word' id='word_1_260' title='bbox 1075 3322 1205 3406; x_wconf 76' lang='lat' dir='ltr'>propria</span> <span class='ocrx_word' id='word_1_261' title='bbox 1228 3323 1258 3386; x_wconf 79' lang='lat' dir='ltr'>vi</span> 
     </span>
     <span class='ocr_line' id='line_1_31' title="bbox 217 3417 1258 3507; baseline 0.007 -27"><span class='ocrx_word' id='word_1_262' title='bbox 217 3418 385 3496; x_wconf 80' lang='lat' dir='ltr'>dividendi,</span> <span class='ocrx_word' id='word_1_263' title='bbox 410 3417 557 3482; x_wconf 85' lang='lat' dir='ltr'>derivatis</span> <span class='ocrx_word' id='word_1_264' title='bbox 579 3417 640 3481; x_wconf 86' lang='lat' dir='ltr'>suis</span> <span class='ocrx_word' id='word_1_265' title='bbox 662 3420 823 3483; x_wconf 87' lang='lat' dir='ltr'>vocabulis</span> <span class='ocrx_word' id='word_1_266' title='bbox 846 3421 961 3505; x_wconf 87' lang='lat' dir='ltr'>partim</span> <span class='ocrx_word' id='word_1_267' title='bbox 985 3423 1113 3499; x_wconf 86' lang='lat' dir='ltr'>bonam,</span> <span class='ocrx_word' id='word_1_268' title='bbox 1138 3423 1258 3507; x_wconf 75' lang='lat' dir='ltr'>partini</span> 
     </span>
     <span class='ocr_line' id='line_1_32' title="bbox 217 3518 1259 3607; baseline 0.007 -25"><span class='ocrx_word' id='word_1_269' title='bbox 217 3518 378 3582; x_wconf 79' lang='lat' dir='ltr'>adversam</span> <span class='ocrx_word' id='word_1_270' title='bbox 396 3518 538 3603; x_wconf 83' lang='lat' dir='ltr'>impertit</span> <span class='ocrx_word' id='word_1_271' title='bbox 552 3518 825 3604; x_wconf 73' lang='lat' dir='ltr'>significationem.</span> <span class='ocrx_word' id='word_1_272' title='bbox 864 3521 949 3584; x_wconf 89' lang='lat' dir='ltr'>Hinc</span> <span class='ocrx_word' id='word_1_273' title='bbox 965 3523 1007 3584; x_wconf 80' lang='lat' dir='ltr'>eli</span> <span class='ocrx_word' id='word_1_274' title='bbox 1025 3522 1210 3607; x_wconf 74' lang='lat' dir='ltr'>discernendi</span> <span class='ocrx_word' id='word_1_275' title='bbox 1225 3540 1259 3589; x_wconf 87' lang='lat' dir='ltr'>et</span> 
     </span>
     <span class='ocr_line' id='line_1_33' title="bbox 218 3617 1260 3706; baseline 0.007 -24"><span class='ocrx_word' id='word_1_276' title='bbox 218 3620 303 3706; x_wconf 80' lang='lat' dir='ltr'>quasi</span> <span class='ocrx_word' id='word_1_277' title='bbox 320 3617 504 3706; x_wconf 62' lang='lat' dir='ltr'>praelucendi</span> <span class='ocrx_word' id='word_1_278' title='bbox 517 3621 560 3682; x_wconf 86' lang='lat' dir='ltr'>ad</span> <span class='ocrx_word' id='word_1_279' title='bbox 573 3620 777 3704; x_wconf 78' lang='lat' dir='ltr'>cognitionem,</span> <span class='ocrx_word' id='word_1_280' title='bbox 793 3622 823 3684; x_wconf 89' lang='lat' dir='ltr'>iu</span> <span class='ocrx_word' id='word_1_281' title='bbox 840 3623 907 3700; x_wconf 79' lang='grc' dir='ltr'><em>δάοο,</em></span> <span class='ocrx_word' id='word_1_282' title='bbox 931 3623 1037 3701; x_wconf 83' lang='grc' dir='ltr'><em>δάονω,</em></span> <span class='ocrx_word' id='word_1_283' title='bbox 1060 3624 1180 3687; x_wconf 77' lang='grc' dir='ltr'><em>διδάσκω</em></span> <span class='ocrx_word' id='word_1_284' title='bbox 1203 3628 1260 3689; x_wconf 84' lang='lat' dir='ltr'>do·</span> 
     </span>
     <span class='ocr_line' id='line_1_34' title="bbox 218 3721 1259 3811; baseline 0.006 -25"><span class='ocrx_word' id='word_1_285' title='bbox 218 3746 283 3786; x_wconf 84' lang='lat' dir='ltr'>cco:</span> <span class='ocrx_word' id='word_1_286' title='bbox 313 3721 429 3784; x_wconf 76' lang='lat' dir='ltr'>lucendi</span> <span class='ocrx_word' id='word_1_287' title='bbox 451 3747 515 3785; x_wconf 88' lang='lat' dir='ltr'>cum</span> <span class='ocrx_word' id='word_1_288' title='bbox 526 3721 670 3808; x_wconf 83' lang='lat' dir='ltr'>flamma,</span> <span class='ocrx_word' id='word_1_289' title='bbox 696 3723 728 3786; x_wconf 88' lang='lat' dir='ltr'>in</span> <span class='ocrx_word' id='word_1_290' title='bbox 754 3725 832 3802; x_wconf 82' lang='grc' dir='ltr'><em>δαίω,</em></span> <span class='ocrx_word' id='word_1_291' title='bbox 858 3727 951 3801; x_wconf 80' lang='grc' dir='ltr'><em>δαλδς,</em></span> <span class='ocrx_word' id='word_1_292' title='bbox 974 3729 1033 3804; x_wconf 79' lang='grc' dir='ltr'><em>δάς,</em></span> <span class='ocrx_word' id='word_1_293' title='bbox 1058 3728 1151 3805; x_wconf 76' lang='lat' dir='ltr'>tadu,</span> <span class='ocrx_word' id='word_1_294' title='bbox 1166 3727 1259 3811; x_wconf 26' lang='lat' dir='ltr'>*fexa</span> 
     </span>
     <span class='ocr_line' id='line_1_35' title="bbox 218 3821 1259 3908; baseline 0.005 -21"><span class='ocrx_word' id='word_1_295' title='bbox 218 3821 392 3908; x_wconf 85' lang='lat' dir='ltr'>utriusque,</span> <span class='ocrx_word' id='word_1_296' title='bbox 407 3822 579 3908; x_wconf 80' lang='lat' dir='ltr'>cognitionis</span> <span class='ocrx_word' id='word_1_297' title='bbox 591 3836 619 3886; x_wconf 79' lang='lat' dir='ltr'>et</span> <span class='ocrx_word' id='word_1_298' title='bbox 630 3823 718 3902; x_wconf 80' lang='lat' dir='ltr'>lucis,</span> <span class='ocrx_word' id='word_1_299' title='bbox 732 3823 763 3886; x_wconf 88' lang='lat' dir='ltr'>in</span> <span class='ocrx_word' id='word_1_300' title='bbox 779 3826 893 3906; x_wconf 73' lang='grc' dir='ltr'><em>δαίμων,</em></span> <span class='ocrx_word' id='word_1_301' title='bbox 911 3829 1032 3908; x_wconf 57' lang='lat' dir='ltr'>beluus,</span> <span class='ocrx_word' id='word_1_302' title='bbox 1047 3831 1135 3902; x_wconf 75' lang='grc' dir='ltr'><em>δῆλος.</em></span> <span class='ocrx_word' id='word_1_303' title='bbox 1163 3830 1259 3892; x_wconf 82' lang='lat' dir='ltr'>Dau-</span> 
     </span>
     <span class='ocr_line' id='line_1_36' title="bbox 218 3923 1259 4015; baseline 0.003 -26"><span class='ocrx_word' id='word_1_304' title='bbox 218 3925 251 3989; x_wconf 82' lang='lat' dir='ltr'>di</span> <span class='ocrx_word' id='word_1_305' title='bbox 276 3948 313 3989; x_wconf 87' lang='lat' dir='ltr'>ac</span> <span class='ocrx_word' id='word_1_306' title='bbox 336 3923 539 4008; x_wconf 74' lang='lat' dir='ltr'>distribuendi,</span> <span class='ocrx_word' id='word_1_307' title='bbox 567 3925 598 3987; x_wconf 88' lang='lat' dir='ltr'>in</span> <span class='ocrx_word' id='word_1_308' title='bbox 621 3925 743 4015; x_wconf 76' lang='grc' dir='ltr'>Ιδαίνομιν,</span> <span class='ocrx_word' id='word_1_309' title='bbox 769 3927 826 3998; x_wconf 68' lang='grc' dir='ltr'><em>δαὶς</em></span> <span class='ocrx_word' id='word_1_310' title='bbox 846 3927 986 4012; x_wconf 78' lang='lat' dir='ltr'>epulum3</span> <span class='ocrx_word' id='word_1_311' title='bbox 1018 3928 1108 4006; x_wconf 88' lang='grc' dir='ltr'><em>δάνος,</em></span> <span class='ocrx_word' id='word_1_312' title='bbox 1126 3930 1259 4008; x_wconf 61' lang='lat' dir='ltr'>donum</span> 
     </span>
     <span class='ocr_line' id='line_1_37' title="bbox 178 4024 1261 4116; baseline 0.004 -25"><span class='ocrx_word' id='word_1_313' title='bbox 178 4024 181 4028; x_wconf 34' lang='lat'><strong><em>⁵</em></strong></span> <span class='ocrx_word' id='word_1_314' title='bbox 217 4028 327 4104; x_wconf 75' lang='grc' dir='ltr'><em>δάνειον,</em></span> <span class='ocrx_word' id='word_1_315' title='bbox 347 4038 497 4106; x_wconf 79' lang='lat' dir='ltr'>mutuum3</span> <span class='ocrx_word' id='word_1_316' title='bbox 515 4025 637 4105; x_wconf 69' lang='grc' dir='ltr'><em>δανείζω,</em></span> <span class='ocrx_word' id='word_1_317' title='bbox 653 4040 784 4090; x_wconf 78' lang='lat' dir='ltr'>ursctuum</span> <span class='ocrx_word' id='word_1_318' title='bbox 799 4030 852 4105; x_wconf 79' lang='lat' dir='ltr'>d03</span> <span class='ocrx_word' id='word_1_319' title='bbox 876 4051 896 4091; x_wconf 86' lang='lat' dir='ltr'>a</span> <span class='ocrx_word' id='word_1_320' title='bbox 917 4031 991 4103; x_wconf 73' lang='grc' dir='ltr'><em>δάιος</em></span> <span class='ocrx_word' id='word_1_321' title='bbox 1014 4031 1181 4116; x_wconf 81' lang='lat' dir='ltr'>praeposrto</span> <span class='ocrx_word' id='word_1_322' title='bbox 1197 4060 1210 4095; x_wconf 85' lang='grc' dir='ltr'><strong>ε</strong></span> <span class='ocrx_word' id='word_1_323' title='bbox 1225 4034 1261 4095; x_wconf 76' lang='lat' dir='ltr'>fit</span> 
     </span>
     <span class='ocr_line' id='line_1_38' title="bbox 217 4126 1258 4216; baseline 0.006 -26"><span class='ocrx_word' id='word_1_324' title='bbox 217 4130 317 4205; x_wconf 74' lang='grc' dir='ltr'><em>ἑδανδς,</em></span> <span class='ocrx_word' id='word_1_325' title='bbox 338 4142 372 4192; x_wconf 88' lang='lat' dir='ltr'>et</span> <span class='ocrx_word' id='word_1_326' title='bbox 396 4127 456 4189; x_wconf 78' lang='grc' dir='ltr'><em>ἕδνα</em></span> <span class='ocrx_word' id='word_1_327' title='bbox 479 4126 555 4190; x_wconf 79' lang='lat' dir='ltr'>dorm</span> <span class='ocrx_word' id='word_1_328' title='bbox 567 4127 745 4214; x_wconf 81' lang='lat' dir='ltr'>spoualiu:</span> <span class='ocrx_word' id='word_1_329' title='bbox 768 4151 842 4192; x_wconf 89' lang='lat' dir='ltr'>nam</span> <span class='ocrx_word' id='word_1_330' title='bbox 867 4157 879 4191; x_wconf 80' lang='grc' dir='ltr'><strong><em>ε</em></strong></span> <span class='ocrx_word' id='word_1_331' title='bbox 906 4130 1104 4216; x_wconf 77' lang='lat' dir='ltr'>praeponitur</span> <span class='ocrx_word' id='word_1_332' title='bbox 1123 4153 1201 4195; x_wconf 85' lang='lat' dir='ltr'>cum</span> <span class='ocrx_word' id='word_1_333' title='bbox 1225 4132 1258 4196; x_wconf 87' lang='lat' dir='ltr'>in</span> 
     </span>
     <span class='ocr_line' id='line_1_39' title="bbox 217 4230 1259 4322; baseline 0.007 -27"><span class='ocrx_word' id='word_1_334' title='bbox 217 4230 297 4310; x_wconf 79' lang='lat' dir='ltr'>aliis,</span> <span class='ocrx_word' id='word_1_335' title='bbox 313 4244 385 4296; x_wconf 87' lang='lat' dir='ltr'>tum</span> <span class='ocrx_word' id='word_1_336' title='bbox 399 4231 485 4296; x_wconf 69' lang='grc' dir='ltr'><strong>ἐθέλω</strong></span> <span class='ocrx_word' id='word_1_337' title='bbox 499 4252 517 4294; x_wconf 88' lang='lat' dir='ltr'>a</span> <span class='ocrx_word' id='word_1_338' title='bbox 531 4230 621 4296; x_wconf 73' lang='grc' dir='ltr'><em>θέλον</em></span> <span class='ocrx_word' id='word_1_339' title='bbox 640 4231 740 4317; x_wconf 68' lang='grc' dir='ltr'>ἔθειρα,</span> <span class='ocrx_word' id='word_1_340' title='bbox 745 4231 837 4319; x_wconf 81' lang='lat' dir='ltr'>juba,</span> <span class='ocrx_word' id='word_1_341' title='bbox 853 4255 911 4319; x_wconf 85' lang='lat' dir='ltr'>pro</span> <span class='ocrx_word' id='word_1_342' title='bbox 925 4232 1016 4321; x_wconf 71' lang='grc' dir='ltr'><em>θάςα,</em></span> <span class='ocrx_word' id='word_1_343' title='bbox 1031 4256 1051 4299; x_wconf 83' lang='lat' dir='ltr'>a</span> <span class='ocrx_word' id='word_1_344' title='bbox 1064 4234 1143 4322; x_wconf 68' lang='grc' dir='ltr'><em>δὶςος</em></span> <span class='ocrx_word' id='word_1_345' title='bbox 1153 4237 1259 4322; x_wconf 79' lang='lat' dir='ltr'>seges.</span> 
     </span>
    </p>
   </div>
   <div class='ocr_carea' id='block_1_3' title="bbox 0 0 1346 4762">
    <p class='ocr_par' dir='ltr' id='par_1_3' title="bbox 0 0 1346 4762">
     <span class='ocr_line' id='line_1_40' title="bbox 0 0 1346 4762; baseline 0 0"><span class='ocrx_word' id='word_1_346' title='bbox 0 0 1346 4762; x_wconf 95' lang='lat' dir='ltr'> </span> 
     </span>
    </p>
   </div>
  </div>
 </body>
</html>
