2684 4762
236 319 295 370 328
377 310 708 374 autumant.
728 310 776 371 IN
795 309 1022 372 PLUTARCHI
1040 311 1115 370 ΠΒ.
1237 372 1240 377 .

142 459 144 463 ’
231 471 329 557 Quod
346 492 403 557 pro
422 470 601 535 creatam
618 471 697 536 daut
708 473 748 537 T.
756 473 798 538 V.
812 471 851 537 B.
867 471 992 558 colleg.
1006 471 1091 536 Nov.
1107 469 1175 536 Pol.
1189 471 1257 535 Ro·

231 572 343 658 dolph.
358 572 484 638 Schott.
498 576 627 638 Jannot.
638 573 747 639 Anon.
761 573 987 652 διακινδυνεύσων,
999 571 1084 636 illiue
1094 573 1138 636 est
1152 571 1256 635 inter-

231 674 369 757 pretatio
382 695 403 736 a
415 673 658 759 descriptoribus
669 672 803 738 invecta.

275 791 327 857 70.
340 777 383 840 D.
407 782 429 840 ei
450 781 493 841 ta
511 780 591 858 μηδὲν
611 776 684 840 ἄλλο
701 775 860 862 προσεκτέον
879 777 934 853 ἔςὶν
951 780 1054 858 miron,
1075 776 1145 849 ineu
1163 800 1202 859 γε
1215 780 1257 855 μὴ
1278 824 1283 831 .

230 879 341 961 θρασεῖς
354 875 419 941 ὦσιν
432 884 456 941 ut
470 879 587 964 ἕχθςοῦ]
607 877 750 956 ¹Videtur
762 901 801 942 cx
813 877 927 943 eodem
941 878 1030 942 fonte
1043 876 1179 955 fluxiffe,
1192 898 1255 940 un·

230 974 271 1040 de
286 977 365 1041 illud
377 979 535 1043 luvenalis
550 982 616 1043 Sat.
632 979 690 1043 IX.
708 998 767 1065 119
783 1004 790 1041 :

316 1076 349 1140 V
345 1076 483 1140 ivandam
496 1081 582 1156 retia,
598 1101 661 1140 cum
678 1085 795 1163 propter
811 1076 953 1164 plurima,
969 1074 1097 1139 tauchis

313 1179 469 1266 Praecipue
483 1178 597 1263 cauffis,
611 1190 645 1240 ut
659 1178 779 1264 linguas
792 1177 998 1264 mancipiorum

316 1279 498 1357 contemnas.
535 1279 615 1341 Nam
630 1278 737 1364 lingua
752 1279 824 1342 mali
840 1292 914 1364 pars
930 1277 1049 1365 peffema
1060 1275 1162 1362 servi.

273 1393 326 1462 70.
341 1381 383 1464 E²
399 1383 476 1444 ‘Ori'
490 1380 614 1466 ἡμέτερος
633 1384 791 1464 καθηγητὴς
805 1379 1051 1461 Ἀμμώνιος-τὴν
1069 1377 1253 1463 lunianum]

230 1481 283 1545 De
303 1481 477 1545 Ammonio
501 1479 661 1545 Plutarchi
678 1493 871 1565 preceptore
882 1478 958 1542 alibi
979 1478 1144 1542 dicemus:
1168 1500 1255 1541 nunc

230 1579 299 1666 ejus
321 1581 532 1667 cognoscendi
550 1580 700 1645 studiosos
720 1581 904 1666 ablegamus
924 1580 966 1643 ad
983 1581 1034 1645 Jo.
1056 1580 1254 1644 RualdiV1÷

230 1695 297 1743 tam
328 1680 500 1759 Plutarchi,
528 1680 712 1766 praemiliam
738 1680 870 1745 editioni
897 1682 955 1745 Gr.
978 1681 1114 1760 latiare,
1143 1681 1255 1745 fonnae

229 1779 389 1858 maxima,
412 1780 528 1845 Paritiie
548 1782 592 1845 A.
608 1783 698 1860 1624·
713 1781 754 1845 T.
768 1780 796 1843 Ι.
812 1780 979 1865 eapvll.
1010 1781 1043 1845 J.
1056 1781 1101 1843 A.
1118 1780 1257 1844 Fabricii
1283 1832 1287 1838 .

127 1902 141 1963 j
228 1878 384 1945 Biblioth.
401 1882 459 1945 Gr.
474 1879 549 1945 Vol.
565 1881 627 1945 111.
646 1901 679 1966 p.
691 1900 767 1966 329·
783 1894 817 1944 et
833 1880 891 1943 IV.
908 1900 941 1964 p.
955 1895 1025 1963 172.
1054 1879 1116 1943 Ed.
1132 1880 1256 1944 Corfini

229 1980 340 2045 Vitam
359 1980 518 2046 Plutarchi
539 1982 698 2067 praelixam
718 1981 787 2068 ejus
810 1981 943 2046 editioni
961 1980 1064 2067 operis
1085 1983 1184 2067 spurii
1203 1984 1255 2047 De

231 2079 357 2144 Placitis
373 2080 645 2168 Philosophorum.
682 2085 851 2165 Καθνιγητὴς
865 2080 1041 2145 honestiore
1060 2082 1191 2146 nominc
1205 2082 1255 2145 di·

228 2181 312 2245 citur
325 2203 382 2267 pro
396 2182 570 2257 διδάσκαλος.
604 2183 656 2247 Sic
671 2184 758 2269 Opp.
773 2185 861 2247 Mor.
875 2203 908 2268 p.
921 2198 996 2266 327.
1006 2184 1047 2246 E.
1069 2183 1255 2248 Aristoteles

228 2280 401 2346 Alexandri
416 2284 593 2367 νωὸηγνῃήςι
624 2305 698 2348 mox
720 2304 752 2368 p.
768 2302 821 2367 71.
836 2283 876 2348 C.
906 2284 1119 2348 Aristomenes
1143 2286 1252 2350 Ptole·
1286 2292 1288 2297 '

229 2381 320 2445 maeit
346 2399 416 2464 145.
430 2381 468 2445 Β.
490 2388 561 2466 ἀτὰρ
583 2381 619 2446 ori
638 2407 685 2464 μοι
706 2385 767 2446 ioci
791 2386 950 2466 καθηγητὴς
975 2381 1021 2462 καὶ
1040 2384 1186 2467 φιλόσοφος
1207 2385 1255 2464 xci

229 2481 413 2555 διδάσκαλοςε
443 2483 518 2564 617.
533 2482 572 2547 E.
596 2497 669 2565 717.
684 2482 724 2546 B.
749 2484 840 2567 1069.
855 2484 900 2546 A.
923 2502 1016 2547 1100.
1031 2483 1073 2547 A.
1109 2485 1188 2549 Vita
1201 2487 1252 2549 A·

228 2582 369 2649 lexandri
383 2605 416 2668 p.
428 2585 505 2667 667.
520 2586 559 2648 Β.
595 2582 754 2649 leonidas
774 2582 947 2648 Alexandri
967 2596 1124 2668 cognatus
1147 2584 1251 2648 idem·

228 2703 290 2767 que
310 2681 380 2766 ejus
398 2679 580 2745 educationi
594 2681 772 2766 praefectus,
794 2703 910 2745 nomen
928 2695 962 2746 et
979 2680 1124 2745 habitum
1140 2682 1251 2767 paeda-

226 2781 306 2868 gogi
322 2781 520 2868 relinquebat
538 2780 737 2868 Lysimacho,
756 2782 819 2866 ipse
833 2784 878 2845 διὰ
894 2787 926 2848 τὸ
945 2781 1056 2863 ἀξίωμα
1075 2783 1122 2845 uel
1142 2787 1189 2860 τὴν
1209 2788 1250 2844 ot-

228 2883 353 2958 κειότητα
372 2883 480 2970 τροφεὺς
498 2883 668 2970 ,Ἀλεξάνδςε
688 2885 735 2945 καὶ
755 2887 912 2967 καθηγητὴς
925 2884 1100 2966 καλούμενος.
1131 2883 1253 2948 Eadm

226 2982 273 3046 vis
288 2983 329 3047 est
344 2983 377 3047 in
391 2981 551 3048 vocabulis
573 2981 738 3066 καθηγεμὼν
752 2996 785 3046 et
799 2982 973 3067 καθηγνῖθαὶ
985 3009 1067 3061 τινος,
1081 2983 1120 3047 de
1135 2983 1253 3069 quibus

226 3083 304 3147 alias
319 3105 471 3169 agemus:
494 3095 529 3146 et
545 3081 769 3166 complectitur
790 3097 961 3168 utrumque
980 3083 1119 3146 officium
1140 3087 1253 3146 auita·

226 3191 321 3269 γωγοῦ
343 3196 377 3247 et
399 3184 568 3260 διδασκάλω,
588 3182 640 3253 sed
664 3183 709 3246 ita
730 3197 767 3246 ut
782 3182 999 3268 praefetiuram
1025 3182 1127 3246 utrius
1150 3183 1195 3248 rei
1217 3197 1253 3248 et

226 3265 457 3360 autioritatem,
482 3280 698 3367 majoremque
721 3282 911 3367 dignitatem
933 3282 1059 3346 habeat.
1095 3283 1148 3347 Sic
1164 3285 1251 3357 dan:

227 3383 341 3448 Cicero
355 3383 425 3447 Fin.
442 3384 469 3445 I.
486 3401 538 3447 21.
552 3379 693 3467 magistra
707 3382 827 3446 aeduae
840 3394 962 3447 natura.
990 3382 1123 3447 Verrina
1137 3386 1181 3452 V.
1196 3404 1253 3450 21.

226 3482 289 3545 dux
310 3493 337 3544 et
355 3479 513 3566 magester:
536 3494 570 3543 et
583 3481 668 3544 recte
688 3480 848 3566 Propertio
863 3483 925 3546 111.
940 3501 992 3546 20.
1009 3483 1061 3547 26.
1084 3483 1149 3545 deex
1170 3484 1254 3570 Epi-

225 3603 294 3643 cure
308 3579 440 3654 restituit
454 3599 513 3664 pro
526 3581 607 3644 deae
629 3579 757 3667 Epicure
773 3581 825 3645 Jo.
839 3581 1066 3660 Broukhutius,
1082 3582 1175 3668 plura
1190 3583 1255 3649 do·

225 3699 301 3741 cene
320 3675 360 3740 de
379 3677 436 3739 usu
455 3677 604 3742 nominis.
641 3682 749 3756 Δενλννὴ
763 3677 897 3767 impedi,
907 3679 1014 3766 schola
1030 3683 1255 3767 pomeridiana.

224 3781 277 3847 Sic
290 3779 331 3844 de
345 3779 513 3846 Aristotele
528 3780 651 3845 Gellius
663 3782 740 3845 XX.
749 3801 770 3865 5
784 3806 794 3844 ι
810 3781 877 3844 huic
891 3782 1066 3870 disciplina,
1081 3807 1174 3870 quam
1187 3788 1259 3851 dixi

223 3890 399 3975 ἁκροατνκὴν,
414 3897 523 3972 tempus
544 3887 710 3950 exacendae
728 3888 821 3965 dabat
835 3888 867 3952 in
883 3889 976 3974 Lyceo
993 3890 1187 3973 matutinum,
1204 3919 1259 3960 nec

223 3993 267 4057 ad
286 4015 349 4057 eam
368 4013 540 4076 quemquam
562 4001 664 4052 temere
685 3990 869 4070 admittebat,
891 3991 948 4076 nss
966 4015 1088 4078 quorum
1109 4008 1184 4058 aute
1206 4000 1259 4061 in-

219 4099 340 4182 genium
359 4108 388 4158 et
407 4094 577 4158 eruditionis
598 4095 736 4158 elementa
750 4108 836 4181 atque
856 4096 888 4159 in
906 4097 1260 4183 difiendo'studiumJa-

225 4198 374 4283 laremque
390 4194 580 4284 exploraffct:
604 4193 674 4259 illas
695 4219 765 4260 vero
787 4199 944 4280 ἐξαντνρινιάς
962 4198 1144 4280 auditiones,
1168 4227 1258 4290 exer.-
