2684 4762
206 335 269 389 200
347 329 386 387 D.
400 322 451 403 W.
471 326 681 386 ANIMADV.
701 327 750 387 IN
770 327 1001 388 PLUTARGHI
1022 328 1096 386 LIB.
1231 342 1234 349 '

208 502 249 557 ut
262 491 386 578 Apellis
400 494 512 556 Venus
527 491 613 570 Coa;
635 501 674 556 ut
687 489 771 556 idern
787 491 884 557 resert
897 494 951 577 36.
967 491 998 572 ξ.
1009 509 1062 571 41.
1085 491 1138 554 De
1152 499 1243 553 utra-

210 614 275 680 que
295 604 329 656 et
350 592 417 678 ipso
439 593 558 657 artifice
579 592 649 680 egit
669 595 715 658 N.
736 594 882 658 Heinsius
906 593 947 658 od
970 592 1064 658 Ovid.
1086 591 1182 656 Trist.
1197 591 1245 653 II.

209 706 285 778 525.
301 705 335 757 et
348 693 493 779 pluribus
512 693 553 757 ud
574 693 671 781 hujus
690 694 799 782 copias
820 694 936 759 additis
953 697 1065 760 Franc.
1080 693 1197 758 Juniua
1212 691 1246 755 in

212 794 373 880 Cetalogo
385 794 559 860 Artificum
574 815 607 880 p.
622 811 694 881 215.
710 798 819 883 etseq.
896 848 900 855 .

243 896 307 960 ¹18.
320 897 363 960 A.
386 894 467 960 Θέοον
488 900 536 974 τὴν
556 896 663 985 Ὀςάςιι
687 896 896 985 μητροκτονίαν]
925 895 1029 983 Atqui
1055 893 1175 960 Plinius
1198 894 1245 957 H.

208 991 256 1062 N.
279 998 419 1062 XXXV.
441 999 495 1082 36.
520 1000 546 1081 §.
560 1017 615 1078 40.
639 997 806 1062 Theodorus
823 999 925 1088 pinxit
943 996 983 1062 ob
1006 995 1103 1082 Oreste
1124 1007 1248 1058 matrem

203 1110 241 1163 et
252 1096 428 1186 AEgr'sthum
448 1098 632 1185 interfici-s
657 1100 756 1164 Theon
777 1099 884 1187 Orestis
898 1098 1058 1187 inanium.
1095 1095 1171 1161 Fuit
1190 1095 1247 1160 Ti·

211 1200 376 1268 momachi
398 1200 542 1266 Orestes:
567 1200 612 1265 ib.
632 1201 665 1288 ς.
679 1220 734 1287 30.
770 1203 822 1266 De
836 1215 974 1289 utroque
996 1203 1031 1265 F.
1046 1199 1163 1265 Juoius
1181 1198 1247 1262 Ca-

161 1340 180 1391 ,
210 1302 270 1369 tal.
293 1302 419 1367 Artisic.
442 1324 476 1388 p.
492 1302 565 1370 208.
580 1319 654 1370 211.
692 1307 786 1369 Forte
802 1303 1009 1369 Plutarchum
1028 1300 1186 1366 memoria
1198 1300 1247 1364 se·

212 1404 307 1471 tellit.

260 1507 311 1571 18.
327 1507 365 1570 B.
391 1506 553 1593 Ποιρῥάσιος
575 1509 623 1585 τὴν
642 1506 799 1582 Ὀδυσσέως
822 1507 1008 1595 προσποίητον
1029 1506 1143 1591 parius]
1175 1505 1249 1570 Hoc

216 1607 367 1676 Parrhasi
392 1628 475 1693 opus
496 1630 560 1672 non
582 1606 710 1673 aliunde
735 1610 914 1696 cognitum.
953 1612 1156 1674 Memoratur
1176 1605 1248 1692 qui-

214 1707 290 1775 dem
313 1707 381 1796 ejus
404 1709 515 1796 Ulyfflc
534 1707 636 1774 Plinio
651 1713 696 1775 H.
711 1713 756 1776 N.
773 1712 913 1777 XXXV.
928 1713 981 1797 36.
998 1711 1030 1800 §.
1044 1725 1077 1795 5.
1096 1709 1149 1774 scd
1163 1707 1252 1772 nulla

216 1809 328 1875 addita
342 1808 568 1898 significatione
589 1812 760 1898 peculiaris
780 1813 975 1900 argumenti.
1009 1815 1051 1877 Et
1065 1812 1097 1875 in
1112 1811 1175 1874 hoc
1189 1807 1252 1874 suit

215 1912 436 2002 Euphranoris
450 1915 608 1980 celebrata
621 1914 742 1996 tabula,
757 1915 871 1980 eodem
885 1915 1014 1980 austere
1029 1913 1132 1978 Plinio
1146 1911 1189 1975 ib.
1198 1914 1251 1995 36.

217 2015 250 2098 ᾗ.
267 2034 320 2100 25.
336 2014 503 2080 -Nebiles
525 2017 587 2105 ejus
608 2016 722 2082 tabula
736 2017 855 2106 Ephesi,
874 2017 982 2102 Ulyffls
994 2014 1142 2100 simulata
1163 2013 1251 2100 vesa-

215 2118 271 2182 nia
285 2120 386 2185 bovem
400 2141 464 2184 οιινιι
482 2144 553 2208 equo
561 2121 750 2210 μημιον-η
785 2119 943 2188 Videatur
964 2119 1049 2184 idem
1072 2121 1097 2183 F
1098 2142 1124 2182 r.
1137 2117 1253 2183 Junius

218 2219 324 2285 Catal.
342 2223 414 2286 Art.
430 2243 463 2307 p.
476 2222 529 2305 87.
544 2237 578 2287 et
594 2240 665 2303 141.
678 2223 741 2308 seq.

188 2366 194 2384 .
264 2324 315 2387 18.
329 2325 367 2386 Β.
391 2325 564 2410 Χκιμιφάνης
584 2324 739 2399 ἅκολάςοος
760 2324 870 2406 ὁμιλίας
887 2331 1024 2408 γονοιικῶν
1042 2322 1106 2409 πρὸς
1128 2319 1249 2408 inique]

219 2423 460 2509 Chrerephanes
483 2423 588 2509 pistor
609 2423 670 2487 hae
690 2446 755 2489 uno
776 2425 937 2490 Plutarchi
956 2422 1120 2488 mentione
1141 2422 1252 2485 fertur.

220 2527 269 2590 At
281 2525 490 2611 Nicophanes
504 2541 702 2592 memoratur
714 2542 753 2591 ut
766 2528 869 2614 pistor
883 2526 984 2591 Plinio
998 2527 1043 2590 H.
1054 2527 1100 2590 N.
1112 2523 1254 2590 XXXV.

218 2627 273 2710 36.
297 2626 328 2707 ξ.
346 2646 402 2711 23:
433 2640 472 2690 ut
493 2627 706 2715 πομάγςιιφθ,
733 2615 927 2708 meretricum,
951 2627 1001 2692 vel
1028 2625 1255 2690 meretriciorurn

221 2751 364 2808 amorum,
385 2728 502 2816 pictor:
525 2729 687 2794 Athenaeo
706 2731 801 2795 XIII.
822 2752 854 2816 p.
869 2733 944 2816 567.
957 2732 1005 2796 B:
1030 2732 1065 2792 ἐκ
1085 2726 1118 2791 ἂν
1135 2725 1255 2814 οἱμάςῐιι

219 2826 249 2891 δι’
260 2854 302 2903 τις
316 2829 349 2891 ei
364 2826 410 2910 nor}
420 2827 614 2915 σορνάγμαφον
627 2839 733 2909 καλῶν,
748 2832 783 2904 ὠς
796 2829 944 2917 Ἀςιςάδην
958 2828 1004 2909 καὶ
1017 2827 1197 2905 Παυσανίαν,
1217 2823 1255 2887 ἔτι

219 2957 251 2997 τι
264 2933 420 3014 Νικοφάνη,
434 2931 484 3006 τοὶς
498 2933 654 3020 ζωγράφος·
676 2933 829 3015 μνημονεύει
849 2935 981 2997 biettinis
1001 2935 1035 3006 ὥς
1052 2939 1145 2995 ταῦτα
1165 2938 1256 3002 καλῶς

220 3034 380 3122 γραφόντων
395 3033 534 3118 Πολέμων
551 3039 631 3120 ἐντῷ
644 3037 713 3123 περὶ
730 3045 784 3100 τῶν
804 3041 830 3101 ἐν
847 3035 966 3103 Σικυῶνι
987 3034 1126 3100 πινάκων.
1163 3035 1257 3098 Forte

217 3136 460 3223 'Cbaerephenes
481 3159 600 3201 nomen
622 3151 813 3224 corruptum
835 3139 872 3202 fit
892 3149 932 3202 'ex
948 3160 1021 3202 vero
1035 3135 1256 3221 Nicophanes.

220 3239 264 3303 Et
288 3240 463 3305 Parrhasius
486 3239 566 3304 adeo
590 3240 622 3304 in
647 3240 711 3305 hoc
734 3263 852 3329 genere
875 3239 985 3305 ludere
1007 3239 1140 3316 solebat,
1161 3253 1198 3302 ut
1215 3237 1257 3301 est

222 3341 308 3427 apud
324 3341 461 3407 Plinium
477 3342 616 3407 XXXV.
627 3347 680 3428 36.
697 3343 727 3432 §.
741 3363 775 3429 5.
789 3344 931 3432 -pinxit
945 3356 973 3408 et
985 3343 1147 3408 minoribus
1161 3339 1256 3405 tobel-

223 3438 262 3502 Iis
283 3440 433 3522 libidines,
456 3467 486 3505 eo
504 3467 613 3530 genere
632 3443 796 3531 petulantis
806 3444 871 3532 joci
881 3445 919 3531 se
939 3443 1082 3529 reficiens.
1122 3441 1257 3506 Lascirae

222 3543 406 3631 hujusmodi
428 3547 546 3610 tabule
568 3561 790 3611 memorantur
808 3545 942 3611 subinde
961 3545 1154 3611 Veteribus:
1178 3565 1258 3631 quos

222 3660 258 3712 et
281 3646 421 3731 ipsorum
443 3647 635 3732 interpretes
657 3649 774 3712 adeant
797 3649 852 3735 qui
872 3649 965 3734 plura
986 3648 1179 3734 cognoscere
1200 3668 1258 3711 cu-

218 3746 337 3833 piunt:
366 3745 467 3810 veluti
488 3747 680 3811 Suetonium
703 3749 832 3812 Tiberio
852 3750 975 3812 XLIII.
1002 3749 1113 3833 ibique
1139 3746 1258 3811 Calau-

222 3850 366 3915 bonum:
399 3849 599 3934 Propertium
615 3848 659 3913 ll.
668 3864 701 3934 5.
716 3870 767 3935 οη.
783 3851 846 3936 seq.
864 3872 938 3914 cum
954 3865 1031 3914 nota
1043 3850 1257 3915 Broukhusii:

224 3949 376 4017 Ovidium
390 3948 480 4015 Trist.
498 3951 541 4013 ll.
557 3964 632 4034 523.
648 3974 725 4016 cum
738 3952 950 4038 explicatione
965 3951 1154 4031 Burmanni.

267 4052 319 4116 18.
334 4051 373 4115 B.
395 4054 519 4128 ποιητικὴ
532 4052 669 4127 πολλάκις
683 4051 754 4138 ἔργα
775 4051 821 4132 κο)
838 4053 1068 4142 πάθημοχθηςιὶ
1082 4051 1130 4132 καὶ
1141 4053 1193 4131 ἤδη
1210 4079 1259 4136 μι-

225 4162 345 4236 μητικῶς
366 4152 559 4241 ἀπαγγέλλει]
586 4155 639 4218 Sic
659 4170 694 4220 et
711 4157 862 4242 *praecipit
884 4158 1008 4223 Aneros
1028 4158 1070 4222 de
1088 4158 1167 4224 Vita
1185 4159 1259 4222 Ho-

223 4253 318 4334 meri,
337 4254 397 4341 qui
418 4274 585 4342 perperam
606 4255 800 4322 Plutarchus
819 4255 949 4339 dicitur,
965 4258 1001 4346 ᾗ.
1016 4276 1050 4345 5.
1071 4257 1153 4326 edit.
1167 4256 1261 4324 Galei
