2684 4762
359 333 414 405 pn
434 325 659 406 aunmunrs
680 327 825 403 roms.
844 332 987 412 1³:141).
1129 333 1185 405 aar
1276 357 1278 360 >

158 491 222 558 lom
235 491 315 579 μίγα
324 497 403 572 aiios
416 497 558 584 ’Λχιιῶνε
582 496 615 564 in
628 496 924 584 vituperationibus,
939 492 1082 584 cisudapis,
1096 520 1185 561 κακο·

158 595 267 680 realis,
288 597 469 683 desponis.
506 597 629 686 ulysses
647 599 828 685 vituperans
840 599 1013 674 Therfitern
1027 621 1091 664 non
1106 595 1185 675 dicit

157 693 309 775 claudum,
331 697 461 778 calvum,
480 699 646 786 gibberuns,
669 698 722 765 fed
743 697 938 786 depredantes,
960 710 1062 765 ieram
1080 698 1185 786 loqua-

157 816 226 858 cem.
264 797 376 859 Venus
400 796 500 862 filium
526 796 708 862 Vulcanum
731 796 847 861 blande
868 795 1008 883 appellat
1025 819 1045 861 a
1060 796 1185 861 claudi·

157 895 295 977 catione,
313 895 430 984 Ὀρσεο,
452 897 642 981 κυλλοπόδιον,
659 900 723 982 ipis
740 898 829 978 τέκος.
862 900 913 965 Ita
926 899 1091 967 Homerus
1104 897 1187 965 ridet

156 1017 224 1076 eos,
246 1018 327 1084 qnos
353 997 607 1078 claudicationis,
632 998 798 1081 caecitatis,
824 998 1023 1085 aliorumque
1046 997 1186 1085 corpori·

155 1098 307 1167 vitiorum
329 1100 450 1195 pudot;
473 1101 558 1188 quad
572 1101 751 1189 quidquam
773 1101 864 1167 nobis
885 1123 904 1167 a
927 1102 1055 1167 fortuna
1074 1100 1185 1171 datum

155 1211 250 1286 turpe
270 1200 318 1266 sit.
354 1203 467 1288 Inque
487 1202 571 1279 nette
594 1202 809 1290 intelligendis
832 1202 937 1269 Poetis
955 1202 1122 1283 discemus,
1145 1225 1185 1269 u·

153 1313 304 1388 aramque
317 1301 478 1375 fortunam
492 1302 665 1388 prudenter
679 1303 776 1370 ferree
800 1325 860 1368 nec
873 1302 1018 1378 secundis
1039 1303 1072 1370 in
1091 1304 1186 1383 rebus

149 1402 272 1481 efferri,
290 1416 327 1476 ut
345 1402 413 1480 aliis
434 1403 510 1477 vitia
527 1403 680 1490 corporis,
699 1405 837 1491 generis,
854 1405 992 1474 fortuna
1012 1405 1184 1492 exprobre-

155 1524 249 1570 mus:
273 1526 333 1569 nec
346 1503 477 1573 adverfis
496 1503 528 1569 in
549 1504 643 1571 rebus
664 1504 807 1571 animum
830 1505 871 1577 ad
892 1504 1106 1585 humilitatem
1125 1505 1184 1571 de-

156 1601 296 1684 mittere,
318 1603 374 1667 sed
394 1601 436 1669 ad
453 1603 665 1669 excellitatem
683 1603 816 1691 erigere,
838 1626 897 1671 nec
917 1605 1052 1679 aliorum
1072 1604 1107 1671 in
1125 1626 1184 1675 nos

153 1701 305 1784 dicteriis,
319 1702 482 1784 conuiciis,
498 1703 558 1769 risu
572 1703 778 1770 commoveri.

198 1804 290 1869 xlv.
315 1803 464 1891 Denique
479 1805 597 1868 docens
611 1826 741 1890 operam
754 1805 854 1887 dabit,
869 1818 906 1871 ut
920 1807 1019 1892 proba
1032 1806 1185 1893 utiliaque

151 1907 326 1975 Poetarum
340 1906 426 1972 dieta
438 1907 471 1972 in
485 1906 592 1972 animo
606 1906 754 1976 discentis
766 1907 808 1971 ad
828 1908 979 1996 majorem
995 1906 1089 1985 tidem
1102 1929 1183 1978 con·
1223 1929 1227 1938 “

156 2009 262 2077 firmet
284 2024 466 2098 augeatque
489 2002 904 2097 testimoniis'nmilibusque
927 2008 1020 2075 dietis
1043 2008 1185 2075 Philoso-

156 2111 294 2198 phorum
312 2111 521 2199 apponendis.
567 2110 683 2199 Igitur,
706 2124 744 2176 ut
766 2112 875 2197 paucis
895 2110 1048 2196 exemplis
1067 2109 1184 2190 dcfun·

154 2234 283 2300 gamur,
306 2214 481 2284 Homerico
501 2213 547 2279 illi
566 2215 635 2289 Ζιὺς
655 2213 714 2301 γάρ
733 2239 774 2277 τοι
797 2218 909 2299 semei,
930 2211 967 2277 ὅτ’
984 2211 1098 2295 ἀμείνονι
1119 2213 1185 2295 pori

153 2315 272 2402 μάχοιο,
293 2315 461 2386 adhibebit
481 2314 604 2382 Biantis
623 2320 713 2381 Γνῶθι
732 2317 847 2395 coeris,
863 2314 959 2401 idque
973 2312 1113 2401 ejusdem
1126 2313 1187 2379 etse

153 2416 322 2489 sententiae
344 2415 505 2484 ostendet:
535 2415 690 2483 Hefiodea
713 2416 813 2495 Ninus
838 2417 889 2479 οὐδ’
912 2415 1005 2480 ἴσασιν
1028 2414 1082 2502 ὅσῳ
1104 2413 1186 2486 πλέον
1233 2440 1238 2450 ·

155 2519 243 2601 ἥμισυ
260 2520 371 2598 παντὸς,
393 2531 427 2583 et
449 2518 585 2583 alterum
602 2520 643 2581 ‘H
661 2518 687 2580 u
707 2521 779 2596 κακὴ
797 2519 872 2595 bsai
890 2521 930 2601 τῷ
947 2515 1116 2596 pumicem
1130 2543 1185 2581 κα-

157 2619 235 2698 sien,
258 2618 370 2684 eodem
390 2619 505 2699 valere,
522 2641 588 2706 quo
611 2617 750 2685 Platonis
770 2617 802 2682 in
820 2617 942 2705 Gorgia
960 2631 994 2682 et
1013 2616 1188 2703 Republica

154 2721 324 2808 placittun,
343 2721 428 2808 pejus
449 2722 502 2805 effi
522 2718 664 2806 injuriam
678 2719 800 2806 afferre,
815 2743 905 2807 quam
922 2718 1009 2807 petit
1031 2717 1187 2805 AEschyli,

154 2821 278 2910 Θίρσα,
292 2822 368 2885 πάνυ
385 2826 443 2908 γὰρ
457 2820 538 2908 ἄκρον
556 2825 604 2884 οὐκ
620 2820 677 2906 ἔχει
690 2819 801 2908 χρόνον,
821 2819 906 2900 idem
921 2819 993 2901 eise,
1007 2818 1095 2907 quod
1109 2819 1185 2905 Epi.-

152 2923 236 3004 curi,
256 2946 378 3011 magnos
400 2922 510 2998 dolores
529 2921 659 2986 celeriter
675 2922 843 3009 praetcrire,
861 2923 1016 2994 diuturnior
1032 2921 1186 3007 magnita-

156 3025 225 3093 dinc
236 3047 346 3090 carere.
384 3023 567 3110 ltajuvenis
582 3023 690 3088 senfim
705 3023 929 3089 conciliabitur
941 3022 1064 3110 placitis
1079 3022 1186 3099 Philo

156 3126 342 3215 sophorum,
358 3149 417 3192 nec
436 3127 482 3193 ita
500 3142 620 3202 temore
636 3127 775 3214 repletus
794 3127 970 3213 obsrtusque
984 3124 1142 3196 erroribus
1155 3139 1188 3195 ct
1273 3157 1277 3165 ·

152 3227 259 3316 pravis
271 3228 476 3314 opinionibus
497 3251 517 3293 a
538 3229 662 3295 nutrice
680 3242 714 3294 et
733 3244 846 3310 matre,
860 3242 958 3316 atque
972 3227 1052 3293 adeo
1063 3251 1083 3292 a
1098 3240 1188 3313 patre

153 3344 190 3397 et
213 3330 403 3421 pedagogo,
429 3333 609 3401 colentibus
631 3346 665 3399 et
689 3331 878 3398 mirantibus
902 3330 1025 3411 divites,
1049 3343 1188 3403 mortem

152 3455 197 3503 ac
217 3432 361 3501 dolorem
379 3437 593 3518 horrentibus,
610 3436 761 3503 virtutem
779 3432 894 3498 divitiis
910 3447 945 3498 et
960 3431 1062 3522 gloria
1074 3454 1188 3500 camn-

153 3548 228 3601 ,tem
247 3538 550 3603 contemnentibus:
577 3538 638 3603 his.
649 3537 748 3624 igitur
768 3535 927 3603 erroribus
944 3534 1047 3622 magis
1065 3556 1186 3624 purga,-

156 3647 211 3700 tus
228 3634 269 3700 ad
285 3636 520 3725 Philosophiam
533 3638 682 3705 accedet:
703 3637 820 3725 quibus
834 3637 924 3703 obsiti
943 3636 983 3702 ad
1005 3659 1076 3702 eam
1094 3659 1186 3703 acce·

156 3738 270 3805 dentes
284 3753 316 3806 et
331 3740 490 3810 contraria
505 3740 628 3806 laudari
649 3739 827 3820 audientes,
851 3740 1031 3819 turbantur,
1050 3738 1187 3825 stupent,

156 3842 324 3930 refugiunt
336 3869 347 3925 ;
370 3844 424 3910 nisr
438 3857 534 3909 antea
546 3843 712 3909 veritatem
725 3840 879 3929 paulatim
892 3840 925 3909 in
941 3839 1056 3905 fabulis
1069 3837 1186 3926 agnos-
1277 3858 1281 3866 ’

151 3964 229 4024 cere
241 3943 481 4010 consueverint:
504 3943 602 4009 ueluti
619 3945 674 4031 qui
691 3944 800 4009 Solem
814 3942 917 4028 ipsum
932 3941 1047 4006 intueri
1064 3961 1186 4025 neque,-
1317 3986 1319 3990 -

152 4060 229 4127 unt,
243 4043 313 4133 ejus
328 4045 503 4132 imaginem
521 4046 554 4111 in
573 4068 667 4132 aqua,
681 4045 730 4110 vel
746 4043 900 4133 ejusmodi
919 4044 1023 4117 aliena
1042 4043 1115 4108 luce
1127 4065 1185 4109 co·

154 4147 310 4234 gnoscere
331 4146 467 4215 discunt.
507 4147 569 4212 His
584 4147 681 4234 igitur
693 4145 734 4223 dc
748 4145 857 4211 caullis
870 4144 997 4232 juvenis
1013 4145 1124 4208 Poctas
1137 4144 1185 4211 le-

158 4270 240 4336 gens
252 4269 337 4338 opus
349 4246 447 4322 habet
458 4248 616 4336 prudente
633 4247 691 4313 vise
709 4246 792 4317 duce
802 4261 846 4335 et
858 4246 942 4350 quati
956 4245 1185 4337 gubernatore,

650 4369 677 4414 Μ
693 4367 717 4430 4
