2684 4762
343 322 398 380 nn
417 321 591 381 uuucur.
614 273 845 381 nunnonuu.
865 340 894 396 p.
908 321 936 378 ο.
949 321 984 378 c.
1038 332 1043 395 i
1082 330 1084 334 ⁴
1124 329 1178 378 ιον

148 482 293 547 taculum
315 485 511 572 Delphicum
525 485 611 571 apud
625 484 872 549 Demosthenem
892 484 948 548 Or.
967 482 999 545 in
1014 482 1176 546 Macarta-

150 583 222 647 turn
245 606 276 671 p.
290 589 363 669 667.
380 589 428 651 C:
452 594 478 651 ἓν
499 587 628 671 ίκννμένᾳ
649 585 746 672 ἡμέρᾳ,
771 585 856 671 quod
879 585 943 670 ipse
966 586 1081 649 Orator
1100 607 1177 648 mox

151 684 387 771 interpretatur,
407 695 433 751 ὲν
455 694 516 763 ταῖς
534 686 709 765 καθηκέσανς
727 686 848 772 ἡμέραις.
884 685 1034 751 Aristides
1055 687 1113 751 Or.
1135 685 1177 749 ad
1274 688 1278 698 '

152 787 295 852 Rhodios
308 792 350 853 ·Τ.
368 792 394 854 Ι.
416 813 449 876 p.
464 807 548 874 570:
572 789 715 875 arpinum
731 791 781 869 μὲν
794 787 827 850 οἷν
841 814 882 860 τις
896 787 954 872 έχον
970 787 1015 866 να)
1025 790 1089 873 προς
1104 785 1175 850 lxei-

151 911 197 961 νννς
221 894 300 952 εἰπεῖν
321 889 366 969 κα)
381 891 528 972 έκνέμενα.
569 889 754 953 Damascius
775 909 826 972 ap.
848 887 996 951 Photium
1018 908 1051 972 p.
1074 890 1175 971 1036':

150 990 210 1074 περὶ
231 989 261 1052 οὗ
280 996 329 1075 ὀροῖν
351 997 426 1054 κατοὶ
445 994 490 1055 τὸν
513 989 647 1072 ἶκνέμενον
668 990 761 1073 λόγον,
785 990 898 1074 dequo
919 988 1016 1051 duum
1027 989 1084 1074 suo
1104 989 1178 1053 loco:

152 1091 244 1175 poffit
261 1109 294 1156 et
315 1093 416 1172 reddi,
441 1110 477 1158 ut
499 1093 574 1157 fecit
594 1093 725 1156 Latinus
745 1093 909 1175 interpres,
929 1091 1037 1170 dicam,
1062 1115 1125 1153 cum
1150 1115 1180 1154 co

148 1194 292 1278 perdum
318 1196 373 1256 erit
396 1196 498 1258 oratio.
545 1195 639 1258 Certe
662 1192 792 1273 ἷκνέμενον
812 1193 908 1279 χρόνον
932 1192 1005 1255 sunt
1027 1192 1179 1255 venientia

144 1304 291 1382 tempora,
317 1295 427 1380 pistrra
453 1309 537 1370 zetas,
566 1294 650 1380 apud
681 1294 886 1357 Plutarchum
909 1293 941 1356 in
965 1295 1054 1356 AEm.
1081 1293 1180 1358 Paulo

152 1415 187 1478 p.
203 1398 276 1477 267.
292 1397 329 1459 Β.
362 1396 482 1460 Celare
496 1416 529 1480 p.
544 1411 616 1475 741.
634 1380 673 1459 C.
693 1409 726 1458 et
748 1394 990 1480 Megasthenem
1008 1393 1040 1457 in
1063 1395 1178 1458 Euseb.

153 1497 254 1580 Praep.
268 1499 387 1581 Evang.
404 1497 462 1558 IX.
478 1518 511 1579 p.
524 1512 598 1580 457.
635 1495 709 1560 Alia
723 1494 762 1558 de
782 1496 841 1558 lrac
857 1517 932 1558 voce
947 1496 1179 1581 cognoscantur

150 1618 191 1660 ex
211 1596 331 1660 Budaeo
354 1596 540 1660 Courment.
565 1600 602 1661 L.
618 1599 676 1660 Gr.
699 1617 733 1680 p.
746 1610 821 1680 552.
845 1608 878 1659 et
901 1596 1064 1680 Stephano
1082 1597 1176 1662 Thes.

151 1699 514 1783 uffiumuu

128 1812 135 1828 ‘
188 1799 227 1860 6.
245 1798 284 1862 C.
307 1802 340 1872 ὠς
362 1803 423 1879 ἡμῖν
441 1799 546 1862 ἀκούειν
563 1798 752 1885 repellimur]
785 1798 944 1863 Flosculus
967 1799 1142 1864 rhetoricus
1160 1824 1180 1865 a
1213 1855 1216 1860 .

152 1897 374 1962 Demosthenev
385 1898 503 1982 petitus
524 1899 581 1963 Or.
596 1897 667 1961 adv.
682 1897 865 1962 Aristocrat.
887 1920 919 1982 p.
933 1899 1009 1981 438.
1024 1899 1056 1961 Α
1069 1925 1077 1962 :
1100 1905 1179 1963 τοῦτο

150 1997 202 2079 μέν
215 1997 312 2076 τοίνυν,
328 2001 366 2059 τοὶ
378 2001 500 2076 παλαιοὶ,
515 2000 549 2071 ὡς
564 2002 624 2080 ἡμῖν
638 1991 743 2077 durium
755 1997 985 2085 παραδέδοτψ.
1166 2055 1170 2062 .

195 2100 228 2162 6.
240 2098 282 2162 C.
305 2099 663 2184 Περικλῆς-Δημοσθένης]
686 2101 799 2185 Opcrae
815 2101 951 2184 pretium
965 2103 1007 2164 est
1022 2101 1180 2166 Plutarchi

150 2202 271 2283 locum,
296 2200 381 2265 unde
402 2201 455 2266 hic
476 2200 590 2265 ductus
610 2203 663 2279 est,
683 2224 853 2287 apponere,
869 2224 933 2287 quo
952 2204 1057 2288 magis
1079 2204 1181 2268 forma

151 2305 348 2392 supposititia
361 2326 542 2390 agermana
555 2303 778 2389 dignoscaturz
800 2305 840 2368 fic
854 2304 952 2392 igitur
966 2305 997 2368 in
1013 2307 1181 2392 Praeceptis

152 2408 245 2494 Reip.
261 2409 338 2472 Ger.
354 2428 387 2491 p.
404 2407 477 2491 803.
492 2408 536 2470 F:
559 2407 682 2479 Μᾶλνςα
697 2409 747 2489 μὲν
765 2407 807 2470 οὗν
821 2407 977 2493 ἐσκεμμένῳ
990 2419 1069 2495 παρῶ
1083 2409 1130 2489 καὶ
1140 2416 1180 2491 μὴ

151 2506 265 2591 διακένῳ
278 2508 317 2592 τῷ
330 2505 408 2590 λόγῳ
418 2511 534 2590 χρῆᾶοιρ
547 2508 609 2592 πρὸς
622 2505 671 2579 tile
684 2505 789 2579 πολλές
801 2510 861 2587 μετ’
875 2507 1039 2588 ἀσφαλὴς
1055 2509 1126 2584 eilde
1140 2509 1179 2574 dra
1274 2515 1276 2518 ’

151 2608 199 2688 κα)
221 2594 358 2695 Πέρικλῆς
379 2612 473 2680 ἐκεῖνος
493 2606 592 2693 ηὕχπο
611 2610 660 2694 πρὸ
677 2616 725 2671 τοῦ
747 2611 902 2694 δημηγορεῖν
920 2610 986 2689 μηδὲ
1006 2616 1079 2695 ῥῆμα
1100 2613 1180 2692 μηδὲν

152 2710 307 2796 οἷλλόνρνονγ
321 2717 374 2772 τῶν
393 2709 567 2795 πραγμάτων
591 2714 711 2772 έπελθὲν
729 2713 813 2793 αὐτῷ.
850 2714 899 2771 aa
916 2710 942 2772 δὲ
964 2709 1033 2791 ὅμως
1050 2714 1113 2798 πρὸς
1130 2717 1180 2786 τὰς

150 2813 315 2889 σἰπανσήσονς
331 2814 378 2875 τὸν
395 2811 478 2895 λόγον
494 2810 617 2898 εὔςροφον
638 2811 710 2897 ὅροιν
728 2810 775 2891 κα)
787 2811 1021 2895 γεγυμνασμένον·
1046 2816 1111 2892 ὀξεῖς
1123 2819 1180 2900 γὰρ
1225 2796 1227 2801 ,

152 2919 176 2975 ol
196 2913 284 2998 xarpol
303 2908 348 2991 καὶ
360 2917 456 2975 πολλοὶ
472 2911 635 2999 φέροντοςέν
655 2917 715 2985 ταῖς
735 2909 882 2986 πολνπεέανς
900 2913 1028 2994 αἰφνίδια.
1064 2917 1116 2978 au
1135 2914 1181 2995 κα)

151 3017 318 3100 Δημοσθένης
337 3021 469 3094 ἠλατέέπο
490 3027 611 3097 πολλῶν,
636 3018 669 3092 ὥς
690 3037 770 3101 φασι,
793 3024 871 3105 παρὰ
891 3021 944 3108 τὸν
958 3023 1049 3107 καιρὸν
1066 3022 1180 3084 ἀναδυό-

152 3146 232 3202 μενος
252 3117 298 3199 aa}
319 3127 467 3182 κατοκνῶν.
506 3119 588 3182 Item
602 3118 643 3182 de
656 3120 870 3184 Demosthene
883 3119 916 3183 in
932 3119 1011 3183 libro
1026 3121 1077 3183 De
1092 3123 1181 3183 Sent.

155 3222 292 3285 Proteo.
314 3220 346 3283 in
370 3220 454 3283 Virt.
480 3241 513 3305 p.
529 3220 581 3284 80.
598 3219 638 3284 C.
673 3223 725 3285 De
747 3221 873 3286 Periclis
892 3221 923 3284 in
947 3219 1082 3284 dicendo
1104 3242 1182 3284 cau-

153 3323 244 3385 tione
263 3320 361 3384 tradit
381 3321 614 3408 Quinetilianus
638 3323 711 3386 lnst.
727 3324 783 3387 Or.
803 3325 880 3386 XII.
897 3310 946 3406 92*
962 3323 1025 3384 Nec
1043 3315 1182 3390 immerite

152 3420 284 3487 Pericles
286 3419 403 3507 solebat
414 3434 513 3508 optare
527 3446 562 3484 ue
577 3423 655 3508 quod
663 3421 726 3503 sibi
740 3421 861 3484 verbum
876 3422 907 3485 in
922 3435 1041 3485 mentem
1056 3424 1182 3508 veniret,

153 3547 211 3612 quo
234 3523 360 3611 populus
384 3522 724 3610 wodanum-Dicet
736 3522 854 3610 scripta
877 3548 942 3588 cum
966 3549 1012 3587 res
1030 3527 1183 3615 patietur-r

153 3639 181 3688 et
204 3637 239 3688 ut
263 3624 466 3710 Demosthenes
490 3626 545 3705 ait,
563 3626 599 3710 st
624 3625 779 3712 continget,
808 3636 836 3687 ct
855 3626 997 3713 sculpta:
1028 3630 1119 3718 cujus
1143 3632 1183 3698 de

154 3725 370 3791 Demosthene
383 3725 462 3790 diui
476 3726 556 3790 ratio
576 3726 658 3790 forte
678 3745 717 3788 eo
736 3725 899 3811 pertinuit,
915 3741 951 3791 ut
967 3728 997 3792 se
1011 3732 1183 3811 excusaret,

155 3828 242 3913 quod
257 3851 322 3892 non
338 3829 391 3891 nisi
412 3827 584 3891 meditatus
598 3828 638 3891 ad
653 3827 823 3893 dicendum
838 3830 1014 3912 accederet,
1029 3847 1063 3899 et
1077 3856 1183 3920 repre-

152 3929 301 3993 hensores
330 3930 511 3993 confutaret
535 3929 722 4015 fignificans,
754 3954 817 3995 non
844 3932 941 3996 modo
968 3934 1102 4000 dicenda
1125 3939 1185 4003 elle

155 4031 282 4118 scripta,
300 4029 352 4093 sed
367 4029 449 4114 saepe
463 4031 558 4094 etiam
581 4031 713 4116 sculpta,
736 4032 825 4097 idest
844 4033 963 4121 majore
983 4057 1059 4098 cura
1076 4037 1183 4101 elabo-

155 4146 223 4196 rata
237 4146 271 4196 et
287 4131 390 4216 magis
405 4134 616 4217 permansura.
654 4134 727 4220 Qua
741 4133 773 4197 in
788 4151 878 4219 parte
892 4135 1084 4220 potiffimum
1099 4139 1184 4202 Peri·
1263 4142 1273 4152 '

155 4230 240 4304 clem
255 4231 400 4299 imitatus
414 4235 456 4300 est
469 4236 711 4316 Demosthenes,
733 4248 770 4302 ut
790 4236 854 4326 ipse
871 4235 980 4328 prodit
1000 4235 1185 4315 Plutarchus
