2684 4762
266 379 269 383 .
341 329 397 393 DE
417 332 591 393 EDUCAT.
612 331 843 392 PUERORUM.
864 353 893 409 p.
905 338 933 392 e.
948 336 986 392 Α.
1034 332 1068 385 .ἑ
1124 340 1178 395 tre

146 436 185 576 Kp.
205 506 297 575 1057.
319 496 372 560 D:
399 497 459 576 βίον
471 498 596 578 ἀκύμονα
612 495 657 577 καί
673 502 761 582 γῆρας
774 497 871 583 εἲρῆνης
885 495 931 577 καὶ
947 496 1067 582 ἡσυχίας
1083 497 1182 578 perdi.

151 589 226 653 Alia
239 592 326 657 <ledit
340 595 520 660 Gatakerus
534 596 574 659 ad
589 597 640 659 M.
655 595 812 659 Antonin.
828 597 905 659 XlI.
924 615 974 662 22·
1176 638 1180 645 ·

196 692 226 753 8.
242 693 286 755 Α.
307 699 395 786 Τριῶν
407 700 464 783 γοὶρ
478 695 558 760 ὄντων
571 696 663 781 dion]
689 695 872 759 Aristoteles
894 695 1000 758 Ethic.
1015 694 1056 759 ad
1075 695 1178 762 Nico·
1217 687 1220 692 Ι

151 791 258 855 mach.
276 797 302 857 l.
317 810 354 878 5:
377 800 454 883 Τρεῖς
468 798 526 883 γάρ
540 801 604 860 τίσιν
616 803 640 859 oi
653 797 765 877 μάλιςοι
777 794 937 882 τροίχοντες
956 795 1021 875 βίοι·
1044 795 1068 875 d,
1086 795 1179 861 τοίῦν

152 893 285 979 ιίρημίνος
310 901 337 979 (l
351 899 563 978 ἀτολιιοςικὸς),
579 896 624 976 καὶ
637 901 650 958 ί
663 898 813 975 πολιτικὸς,
832 895 853 981 τὲ
873 896 962 983 τρίτος
978 901 991 958 ὀ
1008 898 1179 982 θιιιρητικίς.

150 999 191 1057 Ol
208 997 258 1076 μὶν
276 995 321 1059 οὖν
335 1000 442 1061 οτολλοί
455 1005 596 1073 παντελῶς
617 998 818 1084 ἀνδραποδώδης
840 997 976 1080 palemon
996 998 1181 1079 βοσκημάτων

147 1096 486 1186 βίονπροαιρούμινοι-.
523 1100 611 1164 Idem
633 1100 741 1164 Ethic.
758 1099 893 1164 Eudenr.
910 1101 937 1163 Ι.
949 1121 982 1180 4.
1015 1097 1182 1184 Diogenes
1293 1130 1298 1137 ·

151 1198 259 1262 Laert.
276 1202 319 1264 V.
334 1219 389 1284 31.
406 1200 446 1265 de
458 1199 644 1265 Aristotele:
668 1200 740 1264 Βίων
754 1202 781 1263 δὲ
797 1209 877 1286 τριῶν
896 1199 987 1279 ὄντων,
1004 1205 1181 1287 θεωρητικοῦ,

149 1309 323 1385 πρακτικοῦ,
338 1305 455 1380 nerine,
472 1305 519 1365 rii
531 1303 692 1388 θεωρητικὸν
704 1301 873 1389 προέκρινεν.
903 1303 1024 1366 Seneca
1037 1302 1089 1366 De
1104 1302 1182 1367 Otio
1207 1380 1210 1385 Ι

150 1400 310 1485 Sapientis
326 1403 406 1489 Cap.
420 1405 562 1468 XXXII.
579 1426 612 1488 p.
622 1405 706 1488 362:
730 1405 895 1484 Praeterea,
910 1403 971 1466 tria
983 1427 1096 1489 genera
1104 1408 1181 1492 sunt

148 1503 244 1568 vitaer
259 1505 336 1568 inter
349 1530 418 1594 quae
431 1507 564 1592 quodsi!
578 1508 729 1594 optimum,
745 1507 841 1594 quaeri
850 1506 948 1592 solet:
965 1532 1058 1570 unum
1071 1501 1186 1595 volnpss¹

150 1606 208 1668 rari
229 1621 332 1685 vocnt,
354 1607 481 1671 alterum
502 1607 748 1696 contemplationi,
766 1610 883 1673 tertium
901 1609 1028 1673 aelionis
1051 1608 1103 1673 sed
1118 1609 1179 1674 ho·

151 1729 224 1770 rum
245 1707 287 1773 de
308 1711 546 1796 comparatione
566 1711 693 1798 legatur
714 1711 777 1798 ipse
798 1711 888 1776 liber.
931 1713 974 1775 Et
988 1711 1181 1799 Chrysippus

150 1806 192 1871 de
207 1808 269 1872 hoc
284 1813 473 1896 aigunrento
487 1810 566 1897 egit,
582 1825 619 1876 ut
632 1827 763 1896 apparet
776 1835 815 1875 ex
830 1811 998 1876 Plutarcho
1011 1813 1065 1875 De
1080 1813 1178 1881 Stoic.

151 1909 299 1996 Repugn.
323 1931 356 1996 p.
371 1929 464 1996 1033.
479 1912 524 1989 D,
538 1914 585 1975 E:
610 1911 665 1984 ubi
686 1911 755 1998 ejus
776 1913 847 1976 libri
862 1915 929 1999 περὶ
943 1913 1010 1992 βίον
1029 1913 1179 1991 citantur,

151 2021 186 2073 et
200 2026 295 2094 1035.
312 2012 356 2074 A.
389 2014 482 2096 1036.
502 2013 547 2091 D,
564 2015 603 2112 'E
648 2016 690 2076 Et
714 2012 843 2099 Epicuri
869 2015 998 2084 hierunt
1021 2014 1094 2077 libri
1113 2018 1181 2102 περὶ

148 2110 228 2193 βίον,
243 2111 333 2176 citati
354 2112 496 2198 Diogeni
510 2112 638 2177 Laertio
652 2116 695 2178 X.
717 2131 769 2199 27.
785 2114 826 2176 86
840 2139 847 2176 :
872 2114 949 2178 item
962 2114 1181 2200 Theophrasti,

148 2211 269 2278 ibidem
288 2215 410 2295 V.⁴42:
443 2215 600 2278 Stratonis
624 2229 688 2301 59:
722 2213 900 2280 Heraclidis
924 2217 985 2299 87..
1019 2217 1197 2282 Timothei

151 2315 352 2382 Athenicnfis
368 2319 429 2380 111.
440 2320 473 2401 5.
498 2319 557 2382 IV.
571 2340 604 2399 4.
627 2321 670 2382 V.
685 2338 714 2380 1.
738 2319 815 2382 Vll.
831 2337 864 2381 1:
888 2341 984 2404 quem
1005 2320 1129 2385 Jonfius
1148 2321 1186 2387 in

150 2438 248 2502 opere
261 2419 313 2483 De
327 2417 444 2502 Script.
457 2417 539 2481 Hist.
557 2417 637 2482 Phil.
654 2419 711 2482 lV.
734 2419 835 2482 Num.
851 2432 904 2502 51.
920 2420 1001 2483 inter
1015 2419 1181 2505 scriptores
1311 2495 1312 2499 η

150 2519 281 2583 incerte
296 2517 588 2597 aetatis'recensens,
604 2517 733 2582 titulum
752 2518 820 2606 περὶ
835 2518 902 2599 βίον
915 2519 1030 2605 accipit
1049 2521 1085 2582 de
1106 2519 1182 2584 Vitis

154 2619 293 2685 litorum
307 2620 464 2700 clarorum,
485 2620 583 2684 veluti
602 2619 674 2684 sunt
688 2619 772 2683 Vitae
792 2642 811 2682 a
832 2619 1012 2697 Plutarcho,
1033 2620 1182 2706 Diogene

150 2720 290 2799 Laertio,
306 2733 340 2784 et
355 2719 435 2797 aliis,
451 2719 584 2804 scriptae.
613 2722 660 2783 At
674 2718 855 2805 hujusmodi
869 2718 1021 2783 historicae
1035 2720 1180 2806 scriptio·

150 2845 209 2888 nee
225 2822 388 2900 dicuntur,
408 2820 480 2898 Βίοι,
504 2821 564 2884 Βίοι
582 2823 701 2908 ἀνδρῶνι
724 2834 757 2884 et
776 2822 843 2908 περὶ
862 2820 928 2899 βίον
942 2821 984 2884 est
1000 2819 1181 2886 doctrinalis

151 2925 277 3010 scriptio
292 2926 328 2987 de
342 2925 417 2987 vitae
434 2922 612 3010 generibus:
635 2935 673 2986 ut
687 2923 844 3008 Diogenis
859 2923 975 2986 Inertii
990 2923 1125 3010 vulgaris
1139 2925 1184 2987 tia

150 3026 239 3090 tulus
260 3028 332 3112 περὶ
342 3026 419 3105 βίοιο,
435 3024 590 3110 ὃίγματων,
606 3048 673 3087 κ.τ.
684 3039 711 3086 λ.
732 3024 814 3087 forte
832 3025 871 3087 ab
890 3023 956 3110 ipso
969 3023 1036 3104 βίον,
1051 3025 1181 3108 δόγματα

151 3127 280 3214 positus,
302 3140 358 3190 ant
380 3126 486 3190 minus
509 3125 593 3189 redte
612 3137 786 3211 conceptus
806 3124 964 3203 rideatur3
989 3125 1186 3209 11111ί1111ρίί·Ι

152 3230 234 3294 citer
255 3229 396 3311 ριλίτορος
418 3228 505 3314 ἱςορίοι
529 3227 641 3291 fuerit:
673 3226 797 3312 quade
819 3248 853 3289 re
874 3225 1039 3289 videantur
1059 3225 1182 3289 Jonfius
1237 3286 1239 3291 ,

150 3331 175 3396 l.
192 3353 222 3395 c.
247 3332 310 3393 ΙΙΙ.
335 3350 397 3399 12„
406 3345 438 3413 5.
483 3329 655 3414 Menagiue
674 3328 809 3391 Prooem.
828 3345 857 3387 1.
893 3327 965 3388 Nee
987 3339 1093 3389 tanren
1117 3326 1187 3391 fieri-

153 3457 219 3498 non
239 3431 357 3518 potuit,
372 3444 409 3496 ut
420 3431 608 3496 'limothens
624 3428 675 3491 illc
689 3429 756 3513 περὶ
774 3426 840 3504 βίον
857 3422 896 3487 de
919 3425 949 3487 V
948 3425 1000 3487 itae
1021 3426 1182 3491 Generibus

152 3536 301 3613 scribens,
313 3533 418 3599 multa
432 3556 470 3598 er
492 3530 624 3597 historiis
640 3545 673 3593 et
686 3529 843 3593 clarorum
858 3525 1024 3591 hominurn
1040 3529 1110 3594 vitis
1124 3553 1180 3616 ap·

153 3650 298 3724 poneret.
427 3670 430 3674 ·
1181 3678 1182 3681 ,

197 3742 227 3802 8.
241 3740 284 3804 A.
307 3745 319 3802 ί
333 3742 493 3827 θεωρητικὸς
507 3745 542 3802 rei
555 3741 695 3824 πρακτικέ
712 3734 903 3821 διαμοιρίοίνοιι,
918 3735 1077 3818 ἀνωφελής]
1104 3736 1180 3800 Huc

152 3836 291 3930 pertinet
306 3842 421 3906 Cicero
435 3841 499 3904 off.
517 3842 544 3902 I.
558 3859 620 3920 42:
645 3861 683 3901 ex
698 3837 799 3899 nostra
817 3835 1039 3900 emendatione
1061 3859 1185 3922 propo7¹

153 3945 208 4006 stta
227 3943 258 4006 in
276 3942 431 4007 Biblioth.
453 3940 533 4004 Crit.
550 3941 624 4004 Vol.
642 3941 669 4001 l.
695 3941 777 4002 Part.
795 3937 857 4000 lli.
878 3961 910 4023 p.
925 3957 984 4021 23:
1010 3937 1186 4023 Itaqnnrrpi

151 4070 188 4108 ea
207 4038 316 4123 virtus,
340 4041 408 4130 quae
427 4044 553 4128 attingit
574 4067 671 4106 reruni
690 4038 890 4126 cognitionem,
910 4037 1013 4124 rorstet
1029 4063 1066 4100 ex
1088 4038 1180 4101 borni-

151 4144 244 4229 nibus¹
267 4144 394 4222 tuendis,
417 4143 451 4206 id
470 4141 518 4228 est,
542 4167 578 4204 cx
591 4140 732 4227 societate
749 4133 869 4226 generis
888 4138 1022 4215 hertoni,
1036 4126 1186 4224 solivaga*

153 4245 281 4334 cognitio
302 4255 329 4305 et
340 4244 449 4332 jajrcna
472 4243 627 4307 videatur.
670 4242 797 4304 Poterat
818 4237 982 4316 sententia,
1005 4258 1100 4322 quam
1121 4237 1183 4305 loci

196 4366 285 4413 vol..
299 4365 353 4412 Vl.
667 4363 679 4405 l
