<?xml version="1.0" encoding="UTF-8"?>
<!DOCTYPE html PUBLIC "-//W3C//DTD XHTML 1.0 Transitional//EN"
    "http://www.w3.org/TR/xhtml1/DTD/xhtml1-transitional.dtd">
<html xmlns="http://www.w3.org/1999/xhtml" xml:lang="en" lang="en">
 <head>
  <title>
</title>
<meta http-equiv="Content-Type" content="text/html;charset=utf-8" />
  <meta name='ocr-system' content='tesseract 3.04.00' />
  <meta name='ocr-capabilities' content='ocr_page ocr_carea ocr_par ocr_line ocrx_word'/>
</head>
<body>
  <div class='ocr_page' id='page_1' title='image "./plutarchichaero15plutgoog_0431.png"; bbox 0 0 2684 4762; ppageno 0'>
   <div class='ocr_carea' id='block_1_1' title="bbox 260 312 1173 409">
    <p class='ocr_par' dir='ltr' id='par_1_1' title="bbox 260 312 1173 409">
     <span class='ocr_line' id='line_1_1' title="bbox 260 312 1173 409; baseline -0.001 -16"><span class='ocrx_word' id='word_1_1' title='bbox 260 332 513 395; x_wconf 80' lang='lat' dir='ltr'>uuorscauu.</span> <span class='ocrx_word' id='word_1_2' title='bbox 526 332 648 392; x_wconf 75' lang='lat' dir='ltr'>auur.</span> <span class='ocrx_word' id='word_1_3' title='bbox 661 331 714 391; x_wconf 70' lang='lat' dir='ltr'>aa</span> <span class='ocrx_word' id='word_1_4' title='bbox 727 312 872 393; x_wconf 63' lang='lat' dir='ltr'>amco?</span> <span class='ocrx_word' id='word_1_5' title='bbox 888 329 1055 409; x_wconf 55' lang='lat' dir='ltr'>omar.</span> <span class='ocrx_word' id='word_1_6' title='bbox 1114 339 1173 392; x_wconf 77' lang='lat' dir='ltr'>aas</span> 
     </span>
    </p>
   </div>
   <div class='ocr_carea' id='block_1_2' title="bbox 144 493 1209 4313">
    <p class='ocr_par' dir='ltr' id='par_1_2' title="bbox 144 493 1209 2092">
     <span class='ocr_line' id='line_1_2' title="bbox 144 493 1175 583; baseline -0.008 -20"><span class='ocrx_word' id='word_1_7' title='bbox 144 557 147 563; x_wconf 90' lang='lat'><strong>.</strong></span> <span class='ocrx_word' id='word_1_8' title='bbox 192 514 246 580; x_wconf 86' lang='lat'>49.</span> <span class='ocrx_word' id='word_1_9' title='bbox 256 497 295 560; x_wconf 85' lang='lat' dir='ltr'>E.</span> <span class='ocrx_word' id='word_1_10' title='bbox 315 501 357 580; x_wconf 78' lang='grc' dir='ltr'>τῷ</span> <span class='ocrx_word' id='word_1_11' title='bbox 367 501 563 583; x_wconf 68' lang='grc' dir='ltr'>προγιγιῦθσι</span> <span class='ocrx_word' id='word_1_12' title='bbox 574 502 628 559; x_wconf 80' lang='grc' dir='ltr'>τῶν</span> <span class='ocrx_word' id='word_1_13' title='bbox 640 494 803 577; x_wconf 71' lang='grc' dir='ltr'>θανασίμων</span> <span class='ocrx_word' id='word_1_14' title='bbox 816 493 979 582; x_wconf 68' lang='grc' dir='ltr'>φαρμάκων,</span> <span class='ocrx_word' id='word_1_15' title='bbox 998 498 1034 568; x_wconf 76' lang='grc' dir='ltr'>εἰς</span> <span class='ocrx_word' id='word_1_16' title='bbox 1046 495 1094 570; x_wconf 73' lang='grc' dir='ltr'>τὴν</span> <span class='ocrx_word' id='word_1_17' title='bbox 1112 493 1175 581; x_wconf 75' lang='grc' dir='ltr'>κρί-</span> 
     </span>
     <span class='ocr_line' id='line_1_3' title="bbox 148 593 1178 682; baseline -0.002 -23"><span class='ocrx_word' id='word_1_18' title='bbox 148 621 194 659; x_wconf 88' lang='grc' dir='ltr'>σιν</span> <span class='ocrx_word' id='word_1_19' title='bbox 208 596 375 670; x_wconf 75' lang='grc' dir='ltr'>ἀπολλύντες</span> <span class='ocrx_word' id='word_1_20' title='bbox 389 593 486 670; x_wconf 61' lang='lat' dir='ltr'>tanate</span> <span class='ocrx_word' id='word_1_21' title='bbox 506 596 553 658; x_wconf 81' lang='grc' dir='ltr'>καί</span> <span class='ocrx_word' id='word_1_22' title='bbox 572 594 777 682; x_wconf 67' lang='grc' dir='ltr'>διαφθόρονσες]</span> <span class='ocrx_word' id='word_1_23' title='bbox 804 594 920 660; x_wconf 74' lang='lat' dir='ltr'>Sensus</span> <span class='ocrx_word' id='word_1_24' title='bbox 941 617 1005 659; x_wconf 86' lang='lat' dir='ltr'>non</span> <span class='ocrx_word' id='word_1_25' title='bbox 1028 593 1101 658; x_wconf 81' lang='lat' dir='ltr'>satis</span> <span class='ocrx_word' id='word_1_26' title='bbox 1121 615 1178 679; x_wconf 83' lang='lat' dir='ltr'>per</span> 
     </span>
     <span class='ocr_line' id='line_1_4' title="bbox 151 694 1177 783; baseline -0.003 -22"><span class='ocrx_word' id='word_1_27' title='bbox 151 697 183 761; x_wconf 81' lang='lat' dir='ltr'>se</span> <span class='ocrx_word' id='word_1_28' title='bbox 204 695 383 781; x_wconf 71' lang='lat' dir='ltr'>expeditne,</span> <span class='ocrx_word' id='word_1_29' title='bbox 404 695 450 761; x_wconf 84' lang='lat' dir='ltr'>ita</span> <span class='ocrx_word' id='word_1_30' title='bbox 470 694 703 781; x_wconf 83' lang='lat' dir='ltr'>expediendus:</span> <span class='ocrx_word' id='word_1_31' title='bbox 733 700 769 770; x_wconf 79' lang='grc' dir='ltr'>είς</span> <span class='ocrx_word' id='word_1_32' title='bbox 789 698 837 773; x_wconf 70' lang='grc' dir='ltr'>τὴν</span> <span class='ocrx_word' id='word_1_33' title='bbox 859 695 947 783; x_wconf 74' lang='grc' dir='ltr'>κρίσιν</span> <span class='ocrx_word' id='word_1_34' title='bbox 965 695 1131 769; x_wconf 72' lang='grc' dir='ltr'>ἀπολλύντες</span> <span class='ocrx_word' id='word_1_35' title='bbox 1153 701 1177 758; x_wconf 79' lang='grc' dir='ltr'>ἑ.</span> 
     </span>
     <span class='ocr_line' id='line_1_5' title="bbox 152 794 1178 885; baseline 0.001 -26"><span class='ocrx_word' id='word_1_36' title='bbox 152 823 181 859; x_wconf 86' lang='grc' dir='ltr'>κ.</span> <span class='ocrx_word' id='word_1_37' title='bbox 197 798 222 859; x_wconf 73' lang='grc' dir='ltr'>ὃ.</span> <span class='ocrx_word' id='word_1_38' title='bbox 243 797 394 884; x_wconf 77' lang='lat' dir='ltr'>perdentes</span> <span class='ocrx_word' id='word_1_39' title='bbox 404 799 443 882; x_wconf 75' lang='lat' dir='ltr'>si</span> <span class='ocrx_word' id='word_1_40' title='bbox 462 797 495 858; x_wconf 85' lang='lat' dir='ltr'>r&#39;n</span> <span class='ocrx_word' id='word_1_41' title='bbox 506 795 667 884; x_wconf 77' lang='lat' dir='ltr'>judicium,</span> <span class='ocrx_word' id='word_1_42' title='bbox 684 796 838 883; x_wconf 73' lang='lat' dir='ltr'><em>perdentes</em></span> <span class='ocrx_word' id='word_1_43' title='bbox 855 795 911 885; x_wconf 68' lang='lat' dir='ltr'>iffi</span> <span class='ocrx_word' id='word_1_44' title='bbox 918 796 956 883; x_wconf 86' lang='lat' dir='ltr'>se</span> <span class='ocrx_word' id='word_1_45' title='bbox 977 818 1007 859; x_wconf 87' lang='lat' dir='ltr'>eo</span> <span class='ocrx_word' id='word_1_46' title='bbox 1025 794 1178 883; x_wconf 76' lang='lat' dir='ltr'>proposito,</span> 
     </span>
     <span class='ocr_line' id='line_1_6' title="bbox 150 894 1179 985; baseline -0.003 -25"><span class='ocrx_word' id='word_1_47' title='bbox 150 909 186 960; x_wconf 87' lang='lat' dir='ltr'>ret</span> <span class='ocrx_word' id='word_1_48' title='bbox 209 895 314 985; x_wconf 76' lang='lat' dir='ltr'>pofflnt</span> <span class='ocrx_word' id='word_1_49' title='bbox 333 897 487 984; x_wconf 85' lang='lat' dir='ltr'>judicare.</span> <span class='ocrx_word' id='word_1_50' title='bbox 531 895 641 962; x_wconf 85' lang='lat' dir='ltr'>Simile</span> <span class='ocrx_word' id='word_1_51' title='bbox 667 895 813 961; x_wconf 88' lang='lat' dir='ltr'>adhibuit</span> <span class='ocrx_word' id='word_1_52' title='bbox 840 895 961 961; x_wconf 70' lang='lat' dir='ltr'>dictum</span> <span class='ocrx_word' id='word_1_53' title='bbox 991 894 1179 960; x_wconf 75' lang='lat' dir='ltr'>Plutarchus</span> 
     </span>
     <span class='ocr_line' id='line_1_7' title="bbox 152 1000 1179 1088; baseline -0.004 -21"><span class='ocrx_word' id='word_1_54' title='bbox 152 1002 205 1067; x_wconf 79' lang='lat' dir='ltr'>Dc</span> <span class='ocrx_word' id='word_1_55' title='bbox 227 1003 415 1068; x_wconf 78' lang='lat' dir='ltr'>Curiofitate</span> <span class='ocrx_word' id='word_1_56' title='bbox 437 1023 469 1088; x_wconf 91' lang='lat' dir='ltr'>p.</span> <span class='ocrx_word' id='word_1_57' title='bbox 483 1018 559 1087; x_wconf 86' lang='lat'><strong>517.</strong></span> <span class='ocrx_word' id='word_1_58' title='bbox 576 1005 626 1069; x_wconf 84' lang='lat' dir='ltr'>A:</span> <span class='ocrx_word' id='word_1_59' title='bbox 648 1002 749 1066; x_wconf 73' lang='lat' dir='ltr'>areima</span> <span class='ocrx_word' id='word_1_60' title='bbox 761 1002 927 1088; x_wconf 70' lang='grc' dir='ltr'>πράγματα</span> <span class='ocrx_word' id='word_1_61' title='bbox 941 1005 1024 1081; x_wconf 78' lang='grc' dir='ltr'><strong><em>ζητεῖ,</em></strong></span> <span class='ocrx_word' id='word_1_62' title='bbox 1037 1006 1076 1064; x_wconf 82' lang='grc' dir='ltr'>σοὶ</span> <span class='ocrx_word' id='word_1_63' title='bbox 1088 1000 1179 1078; x_wconf 65' lang='lat' dir='ltr'>fitur,</span> 
     </span>
     <span class='ocr_line' id='line_1_8' title="bbox 152 1099 1180 1187; baseline -0.004 -21"><span class='ocrx_word' id='word_1_64' title='bbox 152 1107 190 1166; x_wconf 83' lang='grc' dir='ltr'>σοὶ</span> <span class='ocrx_word' id='word_1_65' title='bbox 208 1103 355 1187; x_wconf 71' lang='grc' dir='ltr'>ἡγεμόνοιν,</span> <span class='ocrx_word' id='word_1_66' title='bbox 370 1104 427 1166; x_wconf 68' lang='grc' dir='ltr'>οὐδὲ</span> <span class='ocrx_word' id='word_1_67' title='bbox 441 1103 582 1176; x_wconf 75' lang='grc' dir='ltr'>ἀκινδύνως</span> <span class='ocrx_word' id='word_1_68' title='bbox 595 1109 687 1166; x_wconf 77' lang='grc' dir='ltr'><em>ταῦτα</em></span> <span class='ocrx_word' id='word_1_69' title='bbox 702 1105 797 1183; x_wconf 77' lang='grc' dir='ltr'>ζητῶν,</span> <span class='ocrx_word' id='word_1_70' title='bbox 820 1103 885 1164; x_wconf 73' lang='grc' dir='ltr'>ἀλλ’</span> <span class='ocrx_word' id='word_1_71' title='bbox 900 1101 952 1164; x_wconf 84' lang='lat' dir='ltr'>olor</span> <span class='ocrx_word' id='word_1_72' title='bbox 968 1099 993 1163; x_wconf 80' lang='lat' dir='ltr'>ei</span> <span class='ocrx_word' id='word_1_73' title='bbox 1008 1126 1049 1174; x_wconf 83' lang='grc' dir='ltr'>τις</span> <span class='ocrx_word' id='word_1_74' title='bbox 1067 1100 1180 1164; x_wconf 84' lang='grc' dir='ltr'>οἰκονίτιι</span> 
     </span>
     <span class='ocr_line' id='line_1_9' title="bbox 152 1202 1180 1292; baseline -0.001 -26"><span class='ocrx_word' id='word_1_75' title='bbox 152 1204 259 1287; x_wconf 77' lang='grc' dir='ltr'>γεύοιτο</span> <span class='ocrx_word' id='word_1_76' title='bbox 272 1212 516 1292; x_wconf 72' lang='grc' dir='ltr'>πολυπραγμονῶν</span> <span class='ocrx_word' id='word_1_77' title='bbox 535 1207 583 1282; x_wconf 74' lang='grc' dir='ltr'>τὴν</span> <span class='ocrx_word' id='word_1_78' title='bbox 600 1202 751 1280; x_wconf 67' lang='lat' dir='ltr'>morderem,</span> <span class='ocrx_word' id='word_1_79' title='bbox 771 1203 871 1285; x_wconf 74' lang='grc' dir='ltr'>φθάσει</span> <span class='ocrx_word' id='word_1_80' title='bbox 885 1208 933 1278; x_wconf 75' lang='grc' dir='ltr'>τῆς</span> <span class='ocrx_word' id='word_1_81' title='bbox 950 1203 1091 1279; x_wconf 53' lang='lat' dir='ltr'>nimirem</span> <span class='ocrx_word' id='word_1_82' title='bbox 1103 1227 1180 1289; x_wconf 75' lang='lat' dir='ltr'>orpo-</span> 
     </span>
     <span class='ocr_line' id='line_1_10' title="bbox 152 1299 1182 1390; baseline 0.002 -26"><span class='ocrx_word' id='word_1_83' title='bbox 152 1301 256 1365; x_wconf 74' lang='grc' dir='ltr'>ιινελιίν</span> <span class='ocrx_word' id='word_1_84' title='bbox 276 1303 322 1366; x_wconf 73' lang='grc' dir='ltr'>σίν</span> <span class='ocrx_word' id='word_1_85' title='bbox 342 1303 560 1390; x_wconf 70' lang='grc' dir='ltr'>προαιθίρινονε</span> <span class='ocrx_word' id='word_1_86' title='bbox 585 1299 641 1389; x_wconf 82' lang='lat' dir='ltr'>qui</span> <span class='ocrx_word' id='word_1_87' title='bbox 663 1301 752 1366; x_wconf 79' lang='lat' dir='ltr'>locus</span> <span class='ocrx_word' id='word_1_88' title='bbox 773 1323 853 1366; x_wconf 87' lang='lat' dir='ltr'>vano</span> <span class='ocrx_word' id='word_1_89' title='bbox 875 1301 1022 1366; x_wconf 84' lang='lat' dir='ltr'>acumine</span> <span class='ocrx_word' id='word_1_90' title='bbox 1038 1299 1134 1390; x_wconf 83' lang='lat' dir='ltr'>friget</span> <span class='ocrx_word' id='word_1_91' title='bbox 1148 1316 1182 1367; x_wconf 89' lang='lat' dir='ltr'>et</span> 
     </span>
     <span class='ocr_line' id='line_1_11' title="bbox 150 1402 1181 1490; baseline 0.001 -25"><span class='ocrx_word' id='word_1_92' title='bbox 150 1402 235 1466; x_wconf 82' lang='lat' dir='ltr'>forte</span> <span class='ocrx_word' id='word_1_93' title='bbox 258 1402 463 1490; x_wconf 80' lang='lat' dir='ltr'>corrigendus</span> <span class='ocrx_word' id='word_1_94' title='bbox 485 1403 540 1481; x_wconf 89' lang='lat' dir='ltr'>ita,</span> <span class='ocrx_word' id='word_1_95' title='bbox 560 1418 598 1467; x_wconf 91' lang='lat' dir='ltr'>ut</span> <span class='ocrx_word' id='word_1_96' title='bbox 617 1402 752 1490; x_wconf 81' lang='lat' dir='ltr'>legatur,</span> <span class='ocrx_word' id='word_1_97' title='bbox 771 1402 923 1489; x_wconf 75' lang='grc' dir='ltr'>σροανιλῶν</span> <span class='ocrx_word' id='word_1_98' title='bbox 936 1404 967 1466; x_wconf 81' lang='grc' dir='ltr'>τὸ</span> <span class='ocrx_word' id='word_1_99' title='bbox 986 1403 1181 1486; x_wconf 52' lang='lat' dir='ltr'>aldermon.</span> 
     </span>
     <span class='ocr_line' id='line_1_12' title="bbox 154 1502 1182 1590; baseline 0.002 -23"><span class='ocrx_word' id='word_1_100' title='bbox 154 1503 270 1590; x_wconf 79' lang='lat' dir='ltr'>Igitur,</span> <span class='ocrx_word' id='word_1_101' title='bbox 294 1518 331 1567; x_wconf 91' lang='lat' dir='ltr'>ut</span> <span class='ocrx_word' id='word_1_102' title='bbox 353 1503 405 1568; x_wconf 94' lang='lat' dir='ltr'>hic</span> <span class='ocrx_word' id='word_1_103' title='bbox 425 1503 455 1567; x_wconf 89' lang='lat' dir='ltr'>se</span> <span class='ocrx_word' id='word_1_104' title='bbox 475 1502 579 1588; x_wconf 84' lang='lat' dir='ltr'>perdit</span> <span class='ocrx_word' id='word_1_105' title='bbox 602 1503 634 1567; x_wconf 86' lang='lat' dir='ltr'>in</span> <span class='ocrx_word' id='word_1_106' title='bbox 656 1502 786 1583; x_wconf 72' lang='grc' dir='ltr'>αίθησιν,</span> <span class='ocrx_word' id='word_1_107' title='bbox 809 1517 847 1568; x_wconf 85' lang='lat' dir='ltr'>ut</span> <span class='ocrx_word' id='word_1_108' title='bbox 864 1525 934 1568; x_wconf 83' lang='lat' dir='ltr'>eam</span> <span class='ocrx_word' id='word_1_109' title='bbox 956 1517 1097 1590; x_wconf 89' lang='lat' dir='ltr'>appetat,</span> <span class='ocrx_word' id='word_1_110' title='bbox 1122 1526 1182 1569; x_wconf 82' lang='lat' dir='ltr'>nec</span> 
     </span>
     <span class='ocr_line' id='line_1_13' title="bbox 152 1604 1182 1693; baseline 0.002 -24"><span class='ocrx_word' id='word_1_111' title='bbox 152 1606 381 1692; x_wconf 82' lang='lat' dir='ltr'>consequatur:</span> <span class='ocrx_word' id='word_1_112' title='bbox 406 1605 445 1670; x_wconf 82' lang='lat' dir='ltr'>fic</span> <span class='ocrx_word' id='word_1_113' title='bbox 467 1605 566 1692; x_wconf 67' lang='grc' dir='ltr'>φθείρει</span> <span class='ocrx_word' id='word_1_114' title='bbox 589 1606 636 1668; x_wconf 73' lang='grc' dir='ltr'>καί</span> <span class='ocrx_word' id='word_1_115' title='bbox 658 1604 796 1669; x_wconf 74' lang='grc' dir='ltr'>ἀπόλλυσι</span> <span class='ocrx_word' id='word_1_116' title='bbox 819 1605 849 1669; x_wconf 86' lang='lat' dir='ltr'>se</span> <span class='ocrx_word' id='word_1_117' title='bbox 865 1604 901 1670; x_wconf 88' lang='lat' dir='ltr'>in</span> <span class='ocrx_word' id='word_1_118' title='bbox 919 1605 1018 1693; x_wconf 85' lang='grc' dir='ltr'>κρίσιν,</span> <span class='ocrx_word' id='word_1_119' title='bbox 1037 1606 1092 1692; x_wconf 92' lang='lat' dir='ltr'>qui</span> <span class='ocrx_word' id='word_1_120' title='bbox 1111 1629 1182 1672; x_wconf 89' lang='lat' dir='ltr'>eam</span> 
     </span>
     <span class='ocr_line' id='line_1_14' title="bbox 150 1704 1209 1791; baseline 0.002 -22"><span class='ocrx_word' id='word_1_121' title='bbox 150 1706 285 1791; x_wconf 85' lang='lat' dir='ltr'>appetit,</span> <span class='ocrx_word' id='word_1_122' title='bbox 310 1728 369 1770; x_wconf 88' lang='lat' dir='ltr'>nec</span> <span class='ocrx_word' id='word_1_123' title='bbox 391 1705 604 1790; x_wconf 83' lang='lat' dir='ltr'>consequitur.</span> <span class='ocrx_word' id='word_1_124' title='bbox 641 1704 876 1790; x_wconf 85' lang='lat' dir='ltr'>Accipiendum</span> <span class='ocrx_word' id='word_1_125' title='bbox 897 1728 936 1769; x_wconf 85' lang='lat' dir='ltr'>ex</span> <span class='ocrx_word' id='word_1_126' title='bbox 956 1705 1015 1769; x_wconf 92' lang='lat' dir='ltr'>usu</span> <span class='ocrx_word' id='word_1_127' title='bbox 1035 1705 1183 1771; x_wconf 69' lang='lat' dir='ltr'>dictionis</span> <span class='ocrx_word' id='word_1_128' title='bbox 1206 1725 1209 1730; x_wconf 88' lang='grc'>’</span> 
     </span>
     <span class='ocr_line' id='line_1_15' title="bbox 155 1803 1183 1892; baseline 0 -24"><span class='ocrx_word' id='word_1_129' title='bbox 155 1805 302 1891; x_wconf 65' lang='grc' dir='ltr'>φθείρεὸοιι</span> <span class='ocrx_word' id='word_1_130' title='bbox 315 1805 350 1879; x_wconf 74' lang='grc' dir='ltr'>εἷς</span> <span class='ocrx_word' id='word_1_131' title='bbox 365 1830 410 1867; x_wconf 73' lang='grc' dir='ltr'>σιτ</span> <span class='ocrx_word' id='word_1_132' title='bbox 438 1821 476 1868; x_wconf 89' lang='lat' dir='ltr'>ut</span> <span class='ocrx_word' id='word_1_133' title='bbox 496 1805 584 1890; x_wconf 87' lang='lat' dir='ltr'><strong>Opp.</strong></span> <span class='ocrx_word' id='word_1_134' title='bbox 600 1805 688 1868; x_wconf 90' lang='lat' dir='ltr'>Mor.</span> <span class='ocrx_word' id='word_1_135' title='bbox 707 1826 738 1890; x_wconf 89' lang='lat' dir='ltr'>p.</span> <span class='ocrx_word' id='word_1_136' title='bbox 750 1823 824 1890; x_wconf 80' lang='lat'><strong>392.</strong></span> <span class='ocrx_word' id='word_1_137' title='bbox 841 1803 882 1884; x_wconf 85' lang='lat' dir='ltr'>C,</span> <span class='ocrx_word' id='word_1_138' title='bbox 894 1806 937 1869; x_wconf 91' lang='lat' dir='ltr'>D.</span> <span class='ocrx_word' id='word_1_139' title='bbox 961 1823 1034 1889; x_wconf 89' lang='lat'>717.</span> <span class='ocrx_word' id='word_1_140' title='bbox 1050 1807 1086 1871; x_wconf 81' lang='lat' dir='ltr'>F.</span> <span class='ocrx_word' id='word_1_141' title='bbox 1110 1821 1183 1892; x_wconf 83' lang='lat'><strong>729.</strong></span> 
     </span>
     <span class='ocr_line' id='line_1_16' title="bbox 155 1902 1183 1995; baseline -0.002 -24"><span class='ocrx_word' id='word_1_142' title='bbox 155 1907 193 1971; x_wconf 89' lang='grc' dir='ltr'>Β.</span> <span class='ocrx_word' id='word_1_143' title='bbox 216 1909 289 1991; x_wconf 78' lang='grc'><strong>948.</strong></span> <span class='ocrx_word' id='word_1_144' title='bbox 304 1909 347 1969; x_wconf 85' lang='lat' dir='ltr'>F:</span> <span class='ocrx_word' id='word_1_145' title='bbox 372 1913 386 1982; x_wconf 78' lang='grc' dir='ltr'><strong>ἡ</strong></span> <span class='ocrx_word' id='word_1_146' title='bbox 406 1909 495 1992; x_wconf 70' lang='grc' dir='ltr'>φθορὰ</span> <span class='ocrx_word' id='word_1_147' title='bbox 511 1902 653 1987; x_wconf 70' lang='grc' dir='ltr'>μεταύολῆ</span> <span class='ocrx_word' id='word_1_148' title='bbox 668 1932 708 1979; x_wconf 85' lang='grc' dir='ltr'>τις</span> <span class='ocrx_word' id='word_1_149' title='bbox 726 1907 766 1977; x_wconf 79' lang='grc' dir='ltr'>ὲςί</span> <span class='ocrx_word' id='word_1_150' title='bbox 779 1914 834 1969; x_wconf 82' lang='grc' dir='ltr'>τῶν</span> <span class='ocrx_word' id='word_1_151' title='bbox 846 1906 1020 1992; x_wconf 74' lang='grc' dir='ltr'>φθειρομίνονν</span> <span class='ocrx_word' id='word_1_152' title='bbox 1034 1910 1069 1981; x_wconf 84' lang='grc' dir='ltr'>νίς</span> <span class='ocrx_word' id='word_1_153' title='bbox 1082 1909 1183 1995; x_wconf 74' lang='grc' dir='ltr'>σύναι-</span> 
     </span>
     <span class='ocr_line' id='line_1_17' title="bbox 155 2006 867 2092; baseline -0.001 -20"><span class='ocrx_word' id='word_1_154' title='bbox 155 2007 211 2072; x_wconf 80' lang='grc' dir='ltr'>τίον</span> <span class='ocrx_word' id='word_1_155' title='bbox 225 2007 327 2092; x_wconf 62' lang='lat' dir='ltr'>indeo.</span> <span class='ocrx_word' id='word_1_156' title='bbox 352 2026 426 2092; x_wconf 83' lang='lat'><strong>95¹·</strong></span> <span class='ocrx_word' id='word_1_157' title='bbox 439 2008 483 2071; x_wconf 83' lang='lat' dir='ltr'>A.</span> <span class='ocrx_word' id='word_1_158' title='bbox 509 2021 602 2091; x_wconf 81' lang='lat'><strong>1075.</strong></span> <span class='ocrx_word' id='word_1_159' title='bbox 618 2006 657 2069; x_wconf 93' lang='lat' dir='ltr'>B.</span> <span class='ocrx_word' id='word_1_160' title='bbox 683 2026 776 2091; x_wconf 88' lang='lat'>1130.</span> <span class='ocrx_word' id='word_1_161' title='bbox 790 2008 833 2071; x_wconf 85' lang='lat' dir='ltr'>A.</span> <span class='ocrx_word' id='word_1_162' title='bbox 857 2071 867 2089; x_wconf 75' lang='lat'>‚</span> 
     </span>
    </p>

    <p class='ocr_par' dir='ltr' id='par_1_3' title="bbox 148 2094 1191 3501">
     <span class='ocr_line' id='line_1_18' title="bbox 198 2100 1185 2194; baseline 0.001 -22"><span class='ocrx_word' id='word_1_163' title='bbox 198 2128 252 2194; x_wconf 88' lang='lat'>49.</span> <span class='ocrx_word' id='word_1_164' title='bbox 268 2111 306 2172; x_wconf 84' lang='lat' dir='ltr'>E.</span> <span class='ocrx_word' id='word_1_165' title='bbox 329 2111 375 2171; x_wconf 79' lang='grc' dir='ltr'>τὸν</span> <span class='ocrx_word' id='word_1_166' title='bbox 395 2100 472 2190; x_wconf 80' lang='grc' dir='ltr'>ρίλον</span> <span class='ocrx_word' id='word_1_167' title='bbox 489 2111 525 2182; x_wconf 79' lang='grc' dir='ltr'>είς</span> <span class='ocrx_word' id='word_1_168' title='bbox 538 2110 570 2170; x_wconf 81' lang='grc' dir='ltr'>τὸ</span> <span class='ocrx_word' id='word_1_169' title='bbox 585 2108 671 2170; x_wconf 77' lang='grc' dir='ltr'>καλὸν</span> <span class='ocrx_word' id='word_1_170' title='bbox 688 2106 821 2189; x_wconf 51' lang='lat' dir='ltr'>retinerer</span> <span class='ocrx_word' id='word_1_171' title='bbox 843 2108 864 2193; x_wconf 60' lang='grc' dir='ltr'>ᾖ</span> <span class='ocrx_word' id='word_1_172' title='bbox 885 2106 1185 2191; x_wconf 77' lang='grc' dir='ltr'>ὥρίλιμον-κίλοικκς</span> 
     </span>
     <span class='ocr_line' id='line_1_19' title="bbox 155 2205 1187 2297; baseline 0.003 -24"><span class='ocrx_word' id='word_1_173' title='bbox 155 2209 331 2294; x_wconf 67' lang='grc' dir='ltr'>εἰλημμένος]</span> <span class='ocrx_word' id='word_1_174' title='bbox 358 2209 435 2273; x_wconf 86' lang='lat' dir='ltr'>Tres</span> <span class='ocrx_word' id='word_1_175' title='bbox 448 2207 535 2272; x_wconf 90' lang='lat' dir='ltr'>enim</span> <span class='ocrx_word' id='word_1_176' title='bbox 552 2208 624 2272; x_wconf 90' lang='lat' dir='ltr'>suut</span> <span class='ocrx_word' id='word_1_177' title='bbox 644 2205 766 2284; x_wconf 80' lang='lat' dir='ltr'>cauffae,</span> <span class='ocrx_word' id='word_1_178' title='bbox 780 2208 840 2273; x_wconf 86' lang='lat' dir='ltr'>tria</span> <span class='ocrx_word' id='word_1_179' title='bbox 853 2208 1009 2295; x_wconf 76' lang='lat' dir='ltr'>proposita</span> <span class='ocrx_word' id='word_1_180' title='bbox 1022 2222 1055 2274; x_wconf 89' lang='lat' dir='ltr'>et</span> <span class='ocrx_word' id='word_1_181' title='bbox 1068 2232 1187 2297; x_wconf 86' lang='lat' dir='ltr'>genera</span> 
     </span>
     <span class='ocr_line' id='line_1_20' title="bbox 157 2307 1187 2397; baseline 0.001 -23"><span class='ocrx_word' id='word_1_182' title='bbox 157 2310 317 2397; x_wconf 60' lang='lat' dir='ltr'>amicitia,</span> <span class='ocrx_word' id='word_1_183' title='bbox 342 2309 458 2387; x_wconf 86' lang='lat' dir='ltr'>bonurn,</span> <span class='ocrx_word' id='word_1_184' title='bbox 470 2309 654 2396; x_wconf 87' lang='lat' dir='ltr'>jucundum,</span> <span class='ocrx_word' id='word_1_185' title='bbox 676 2307 760 2386; x_wconf 85' lang='lat' dir='ltr'>utile,</span> <span class='ocrx_word' id='word_1_186' title='bbox 784 2310 816 2373; x_wconf 76' lang='lat' dir='ltr'>ri</span> <span class='ocrx_word' id='word_1_187' title='bbox 838 2310 949 2394; x_wconf 64' lang='grc' dir='ltr'>ἀγαθὸν</span> <span class='ocrx_word' id='word_1_188' title='bbox 967 2310 1014 2372; x_wconf 81' lang='grc' dir='ltr'>καί</span> <span class='ocrx_word' id='word_1_189' title='bbox 1037 2312 1134 2390; x_wconf 75' lang='grc' dir='ltr'>καλὸν,</span> <span class='ocrx_word' id='word_1_190' title='bbox 1154 2313 1187 2375; x_wconf 79' lang='lat' dir='ltr'>el</span> 
     </span>
     <span class='ocr_line' id='line_1_21' title="bbox 158 2409 1186 2499; baseline 0.001 -24"><span class='ocrx_word' id='word_1_191' title='bbox 158 2414 217 2490; x_wconf 73' lang='grc' dir='ltr'>ἡδὺ,</span> <span class='ocrx_word' id='word_1_192' title='bbox 237 2413 268 2476; x_wconf 79' lang='grc' dir='ltr'>τὸ</span> <span class='ocrx_word' id='word_1_193' title='bbox 289 2412 443 2495; x_wconf 63' lang='lat' dir='ltr'>dcimam:</span> <span class='ocrx_word' id='word_1_194' title='bbox 468 2409 507 2474; x_wconf 86' lang='lat' dir='ltr'>fic</span> <span class='ocrx_word' id='word_1_195' title='bbox 532 2409 719 2474; x_wconf 80' lang='lat' dir='ltr'>Plutarchus</span> <span class='ocrx_word' id='word_1_196' title='bbox 740 2412 791 2474; x_wconf 92' lang='lat' dir='ltr'>De</span> <span class='ocrx_word' id='word_1_197' title='bbox 805 2410 950 2475; x_wconf 87' lang='lat' dir='ltr'>Amicor.</span> <span class='ocrx_word' id='word_1_198' title='bbox 964 2410 1136 2477; x_wconf 88' lang='lat' dir='ltr'>Multitud.</span> <span class='ocrx_word' id='word_1_199' title='bbox 1152 2435 1186 2499; x_wconf 85' lang='lat' dir='ltr'>p.</span> 
     </span>
     <span class='ocr_line' id='line_1_22' title="bbox 160 2508 1188 2597; baseline 0.001 -23"><span class='ocrx_word' id='word_1_200' title='bbox 160 2532 214 2597; x_wconf 88' lang='lat'>94.</span> <span class='ocrx_word' id='word_1_201' title='bbox 230 2511 272 2574; x_wconf 88' lang='lat' dir='ltr'>A.</span> <span class='ocrx_word' id='word_1_202' title='bbox 308 2509 492 2574; x_wconf 84' lang='lat' dir='ltr'>Aristotcles</span> <span class='ocrx_word' id='word_1_203' title='bbox 513 2509 620 2573; x_wconf 86' lang='lat' dir='ltr'>Ethic.</span> <span class='ocrx_word' id='word_1_204' title='bbox 643 2508 834 2574; x_wconf 83' lang='lat' dir='ltr'>Nicomach.</span> <span class='ocrx_word' id='word_1_205' title='bbox 852 2510 947 2575; x_wconf 93' lang='lat' dir='ltr'>VIII.</span> <span class='ocrx_word' id='word_1_206' title='bbox 961 2529 1006 2594; x_wconf 84' lang='lat'>3:</span> <span class='ocrx_word' id='word_1_207' title='bbox 1029 2509 1188 2582; x_wconf 84' lang='lat' dir='ltr'>Adulator</span> 
     </span>
     <span class='ocr_line' id='line_1_23' title="bbox 151 2608 1187 2697; baseline 0.003 -24"><span class='ocrx_word' id='word_1_208' title='bbox 151 2608 392 2696; x_wconf 88' lang='lat' dir='ltr'>jucunditatem</span> <span class='ocrx_word' id='word_1_209' title='bbox 411 2609 527 2688; x_wconf 89' lang='lat' dir='ltr'>amico,</span> <span class='ocrx_word' id='word_1_210' title='bbox 546 2623 581 2673; x_wconf 93' lang='lat' dir='ltr'>at</span> <span class='ocrx_word' id='word_1_211' title='bbox 600 2608 652 2674; x_wconf 82' lang='lat' dir='ltr'>fibi</span> <span class='ocrx_word' id='word_1_212' title='bbox 668 2610 721 2697; x_wconf 76' lang='lat' dir='ltr'>ipsi</span> <span class='ocrx_word' id='word_1_213' title='bbox 736 2609 907 2675; x_wconf 82' lang='lat' dir='ltr'>utilitatem</span> <span class='ocrx_word' id='word_1_214' title='bbox 923 2610 1048 2696; x_wconf 75' lang='lat' dir='ltr'>quaerit,</span> <span class='ocrx_word' id='word_1_215' title='bbox 1062 2610 1106 2676; x_wconf 93' lang='lat' dir='ltr'>ib.</span> <span class='ocrx_word' id='word_1_216' title='bbox 1122 2631 1187 2697; x_wconf 87' lang='lat'>3-</span> 
     </span>
     <span class='ocr_line' id='line_1_24' title="bbox 160 2711 1186 2800; baseline 0.004 -25"><span class='ocrx_word' id='word_1_217' title='bbox 160 2733 211 2776; x_wconf 91' lang='lat'>10.</span> <span class='ocrx_word' id='word_1_218' title='bbox 250 2712 413 2778; x_wconf 86' lang='lat' dir='ltr'>Rhetoric.</span> <span class='ocrx_word' id='word_1_219' title='bbox 432 2713 458 2775; x_wconf 96' lang='lat' dir='ltr'>I.</span> <span class='ocrx_word' id='word_1_220' title='bbox 478 2731 512 2774; x_wconf 91' lang='lat'>11</span> <span class='ocrx_word' id='word_1_221' title='bbox 530 2736 538 2775; x_wconf 82' lang='grc' dir='ltr'>ι</span> <span class='ocrx_word' id='word_1_222' title='bbox 562 2711 661 2798; x_wconf 83' lang='lat' dir='ltr'>igitur</span> <span class='ocrx_word' id='word_1_223' title='bbox 672 2711 772 2777; x_wconf 88' lang='lat' dir='ltr'>suavis</span> <span class='ocrx_word' id='word_1_224' title='bbox 785 2712 990 2800; x_wconf 87' lang='lat' dir='ltr'>etjucundus</span> <span class='ocrx_word' id='word_1_225' title='bbox 1005 2734 1067 2776; x_wconf 89' lang='lat' dir='ltr'>uon</span> <span class='ocrx_word' id='word_1_226' title='bbox 1080 2713 1186 2783; x_wconf 88' lang='lat' dir='ltr'>conti-</span> 
     </span>
     <span class='ocr_line' id='line_1_25' title="bbox 158 2809 1185 2897; baseline 0.002 -21"><span class='ocrx_word' id='word_1_227' title='bbox 158 2834 225 2876; x_wconf 87' lang='lat' dir='ltr'>nuo</span> <span class='ocrx_word' id='word_1_228' title='bbox 240 2812 385 2876; x_wconf 87' lang='lat' dir='ltr'>adulator</span> <span class='ocrx_word' id='word_1_229' title='bbox 399 2809 573 2875; x_wconf 81' lang='lat' dir='ltr'>censendus</span> <span class='ocrx_word' id='word_1_230' title='bbox 587 2812 649 2875; x_wconf 85' lang='lat' dir='ltr'>est:</span> <span class='ocrx_word' id='word_1_231' title='bbox 673 2811 760 2897; x_wconf 92' lang='lat' dir='ltr'>quod</span> <span class='ocrx_word' id='word_1_232' title='bbox 778 2812 964 2883; x_wconf 83' lang='lat' dir='ltr'>Plutarchus</span> <span class='ocrx_word' id='word_1_233' title='bbox 978 2835 1054 2876; x_wconf 84' lang='lat' dir='ltr'>mox</span> <span class='ocrx_word' id='word_1_234' title='bbox 1072 2836 1185 2878; x_wconf 85' lang='lat' dir='ltr'>mone-</span> 
     </span>
     <span class='ocr_line' id='line_1_26' title="bbox 157 2911 1189 2998; baseline 0.001 -21"><span class='ocrx_word' id='word_1_235' title='bbox 157 2913 206 2977; x_wconf 93' lang='lat' dir='ltr'>bit</span> <span class='ocrx_word' id='word_1_236' title='bbox 229 2934 261 2998; x_wconf 91' lang='lat' dir='ltr'>p.</span> <span class='ocrx_word' id='word_1_237' title='bbox 276 2916 331 2976; x_wconf 91' lang='lat'>66.</span> <span class='ocrx_word' id='word_1_238' title='bbox 353 2915 391 2977; x_wconf 91' lang='lat' dir='ltr'>B.</span> <span class='ocrx_word' id='word_1_239' title='bbox 429 2912 544 2976; x_wconf 84' lang='lat' dir='ltr'>Cicero</span> <span class='ocrx_word' id='word_1_240' title='bbox 565 2912 617 2975; x_wconf 86' lang='lat' dir='ltr'>De</span> <span class='ocrx_word' id='word_1_241' title='bbox 639 2911 792 2976; x_wconf 86' lang='lat' dir='ltr'>Amicitia</span> <span class='ocrx_word' id='word_1_242' title='bbox 814 2915 945 2978; x_wconf 85' lang='lat' dir='ltr'>XVIII:</span> <span class='ocrx_word' id='word_1_243' title='bbox 977 2914 1108 2978; x_wconf 78' lang='lat' dir='ltr'>Accedat</span> <span class='ocrx_word' id='word_1_244' title='bbox 1132 2916 1189 2978; x_wconf 82' lang='lat' dir='ltr'>hae</span> 
     </span>
     <span class='ocr_line' id='line_1_27' title="bbox 148 3011 1188 3102; baseline 0.003 -27"><span class='ocrx_word' id='word_1_245' title='bbox 148 3012 295 3099; x_wconf 80' lang='lat' dir='ltr'>suavitas</span> <span class='ocrx_word' id='word_1_246' title='bbox 317 3011 456 3098; x_wconf 77' lang='lat' dir='ltr'>quendam</span> <span class='ocrx_word' id='word_1_247' title='bbox 479 3022 587 3097; x_wconf 78' lang='lat' dir='ltr'>oportet</span> <span class='ocrx_word' id='word_1_248' title='bbox 596 3012 763 3097; x_wconf 80' lang='lat' dir='ltr'>sermonum</span> <span class='ocrx_word' id='word_1_249' title='bbox 786 3024 874 3099; x_wconf 82' lang='lat' dir='ltr'>atque</span> <span class='ocrx_word' id='word_1_250' title='bbox 892 3037 1013 3092; x_wconf 86' lang='lat' dir='ltr'>morum,</span> <span class='ocrx_word' id='word_1_251' title='bbox 1029 3015 1188 3102; x_wconf 82' lang='lat' dir='ltr'>haudqua-</span> 
     </span>
     <span class='ocr_line' id='line_1_28' title="bbox 159 3112 1191 3200; baseline 0.008 -26"><span class='ocrx_word' id='word_1_252' title='bbox 159 3136 248 3198; x_wconf 85' lang='lat' dir='ltr'>quam</span> <span class='ocrx_word' id='word_1_253' title='bbox 266 3113 404 3176; x_wconf 80' lang='lat' dir='ltr'>mediocre</span> <span class='ocrx_word' id='word_1_254' title='bbox 426 3112 635 3175; x_wconf 80' lang='lat' dir='ltr'>condimentum</span> <span class='ocrx_word' id='word_1_255' title='bbox 654 3113 804 3179; x_wconf 75' lang='lat' dir='ltr'>amicitie.</span> <span class='ocrx_word' id='word_1_256' title='bbox 839 3113 970 3200; x_wconf 76' lang='lat' dir='ltr'>Tristitia</span> <span class='ocrx_word' id='word_1_257' title='bbox 992 3128 1088 3181; x_wconf 88' lang='lat' dir='ltr'>antem</span> <span class='ocrx_word' id='word_1_258' title='bbox 1108 3131 1136 3181; x_wconf 90' lang='lat' dir='ltr'>et</span> <span class='ocrx_word' id='word_1_259' title='bbox 1156 3119 1191 3183; x_wconf 86' lang='grc' dir='ltr'>ιἰι</span> 
     </span>
     <span class='ocr_line' id='line_1_29' title="bbox 161 3211 1189 3303; baseline 0.006 -27"><span class='ocrx_word' id='word_1_260' title='bbox 161 3213 237 3276; x_wconf 80' lang='lat' dir='ltr'>omni</span> <span class='ocrx_word' id='word_1_261' title='bbox 260 3212 465 3299; x_wconf 60' lang='lat' dir='ltr'>restrueretur,</span> <span class='ocrx_word' id='word_1_262' title='bbox 483 3212 572 3275; x_wconf 86' lang='lat' dir='ltr'>babet</span> <span class='ocrx_word' id='word_1_263' title='bbox 594 3211 650 3275; x_wconf 85' lang='lat' dir='ltr'>illa</span> <span class='ocrx_word' id='word_1_264' title='bbox 673 3213 789 3300; x_wconf 83' lang='lat' dir='ltr'>quidem</span> <span class='ocrx_word' id='word_1_265' title='bbox 810 3215 1018 3302; x_wconf 80' lang='lat' dir='ltr'>gravitatem:</span> <span class='ocrx_word' id='word_1_266' title='bbox 1035 3219 1096 3303; x_wconf 85' lang='lat' dir='ltr'>sed</span> <span class='ocrx_word' id='word_1_267' title='bbox 1111 3220 1189 3282; x_wconf 80' lang='lat' dir='ltr'>arni·</span> 
     </span>
     <span class='ocr_line' id='line_1_30' title="bbox 160 3312 1190 3399; baseline 0.009 -23"><span class='ocrx_word' id='word_1_268' title='bbox 160 3312 231 3376; x_wconf 79' lang='lat' dir='ltr'>eilia</span> <span class='ocrx_word' id='word_1_269' title='bbox 251 3312 389 3398; x_wconf 68' lang='lat' dir='ltr'>remiffior</span> <span class='ocrx_word' id='word_1_270' title='bbox 411 3314 462 3399; x_wconf 77' lang='lat' dir='ltr'>effi</span> <span class='ocrx_word' id='word_1_271' title='bbox 484 3313 577 3393; x_wconf 82' lang='lat' dir='ltr'>debet,</span> <span class='ocrx_word' id='word_1_272' title='bbox 599 3324 628 3376; x_wconf 91' lang='lat' dir='ltr'>et</span> <span class='ocrx_word' id='word_1_273' title='bbox 647 3312 777 3393; x_wconf 81' lang='lat' dir='ltr'>liberior,</span> <span class='ocrx_word' id='word_1_274' title='bbox 795 3325 824 3376; x_wconf 82' lang='lat' dir='ltr'>et</span> <span class='ocrx_word' id='word_1_275' title='bbox 841 3313 965 3395; x_wconf 80' lang='lat' dir='ltr'>dulcior,</span> <span class='ocrx_word' id='word_1_276' title='bbox 981 3327 1009 3378; x_wconf 91' lang='lat' dir='ltr'>et</span> <span class='ocrx_word' id='word_1_277' title='bbox 1021 3317 1064 3379; x_wconf 87' lang='lat' dir='ltr'>ed</span> <span class='ocrx_word' id='word_1_278' title='bbox 1081 3343 1190 3384; x_wconf 77' lang='lat' dir='ltr'>omnem</span> 
     </span>
     <span class='ocr_line' id='line_1_31' title="bbox 160 3414 1032 3501; baseline -0.002 -23"><span class='ocrx_word' id='word_1_279' title='bbox 160 3416 320 3479; x_wconf 86' lang='lat' dir='ltr'>comitatem</span> <span class='ocrx_word' id='word_1_280' title='bbox 330 3414 574 3501; x_wconf 76' lang='lat' dir='ltr'>facilitatemque</span> <span class='ocrx_word' id='word_1_281' title='bbox 589 3414 760 3501; x_wconf 78' lang='lat' dir='ltr'>procliuior.</span> <span class='ocrx_word' id='word_1_282' title='bbox 1029 3496 1032 3501; x_wconf 24' lang='grc'>1</span> 
     </span>
    </p>

    <p class='ocr_par' dir='ltr' id='par_1_4' title="bbox 160 3514 1191 4010">
     <span class='ocr_line' id='line_1_32' title="bbox 202 3514 1188 3610; baseline 0.007 -28"><span class='ocrx_word' id='word_1_283' title='bbox 202 3539 256 3603; x_wconf 86' lang='grc'>49.</span> <span class='ocrx_word' id='word_1_284' title='bbox 273 3519 307 3582; x_wconf 85' lang='lat' dir='ltr'>F.</span> <span class='ocrx_word' id='word_1_285' title='bbox 328 3514 447 3604; x_wconf 71' lang='grc' dir='ltr'>χάριτές</span> <span class='ocrx_word' id='word_1_286' title='bbox 460 3540 491 3579; x_wconf 84' lang='grc' dir='ltr'>σι</span> <span class='ocrx_word' id='word_1_287' title='bbox 506 3514 552 3594; x_wconf 68' lang='lat' dir='ltr'>nol</span> <span class='ocrx_word' id='word_1_288' title='bbox 564 3515 654 3602; x_wconf 74' lang='grc' dir='ltr'>ἵμερος</span> <span class='ocrx_word' id='word_1_289' title='bbox 668 3517 732 3578; x_wconf 76' lang='grc' dir='ltr'>οἰκί’</span> <span class='ocrx_word' id='word_1_290' title='bbox 749 3515 852 3600; x_wconf 68' lang='grc' dir='ltr'>ἔθεντο]</span> <span class='ocrx_word' id='word_1_291' title='bbox 879 3518 1007 3583; x_wconf 74' lang='grc' dir='ltr'>Ηείὶοιίί</span> <span class='ocrx_word' id='word_1_292' title='bbox 1020 3521 1188 3610; x_wconf 86' lang='lat' dir='ltr'>Theogon.</span> 
     </span>
     <span class='ocr_line' id='line_1_33' title="bbox 160 3615 1191 3706; baseline 0.007 -24"><span class='ocrx_word' id='word_1_293' title='bbox 160 3621 224 3699; x_wconf 84' lang='lat'>64:</span> <span class='ocrx_word' id='word_1_294' title='bbox 248 3623 316 3706; x_wconf 66' lang='lat' dir='ltr'>neq</span> <span class='ocrx_word' id='word_1_295' title='bbox 334 3619 354 3680; x_wconf 78' lang='grc' dir='ltr'>δ’</span> <span class='ocrx_word' id='word_1_296' title='bbox 370 3620 452 3693; x_wconf 70' lang='grc' dir='ltr'>αὐτῆς</span> <span class='ocrx_word' id='word_1_297' title='bbox 471 3615 590 3702; x_wconf 76' lang='grc' dir='ltr'>Χάριτες</span> <span class='ocrx_word' id='word_1_298' title='bbox 608 3617 629 3701; x_wconf 75' lang='lat' dir='ltr'>&#39;l</span> <span class='ocrx_word' id='word_1_299' title='bbox 645 3616 751 3703; x_wconf 77' lang='grc' dir='ltr'>Ἵμερος</span> <span class='ocrx_word' id='word_1_300' title='bbox 770 3616 832 3679; x_wconf 78' lang='grc' dir='ltr'>οἰκί’</span> <span class='ocrx_word' id='word_1_301' title='bbox 849 3617 1002 3704; x_wconf 77' lang='grc' dir='ltr'>ἵχιισιν-.</span> <span class='ocrx_word' id='word_1_302' title='bbox 1039 3622 1191 3690; x_wconf 81' lang='lat' dir='ltr'>Obsecutl</span> 
     </span>
     <span class='ocr_line' id='line_1_34' title="bbox 160 3716 1189 3810; baseline 0.009 -26"><span class='ocrx_word' id='word_1_303' title='bbox 160 3721 268 3785; x_wconf 84' lang='lat' dir='ltr'>sumus</span> <span class='ocrx_word' id='word_1_304' title='bbox 292 3719 503 3806; x_wconf 85' lang='lat' dir='ltr'>plurimorum</span> <span class='ocrx_word' id='word_1_305' title='bbox 530 3716 679 3781; x_wconf 89' lang='lat' dir='ltr'>codicum</span> <span class='ocrx_word' id='word_1_306' title='bbox 707 3717 866 3804; x_wconf 85' lang='lat' dir='ltr'>scripturae</span> <span class='ocrx_word' id='word_1_307' title='bbox 878 3745 889 3800; x_wconf 83' lang='lat'>3</span> <span class='ocrx_word' id='word_1_308' title='bbox 919 3742 993 3784; x_wconf 92' lang='lat' dir='ltr'>nam</span> <span class='ocrx_word' id='word_1_309' title='bbox 1017 3722 1086 3786; x_wconf 89' lang='lat' dir='ltr'>Bas.</span> <span class='ocrx_word' id='word_1_310' title='bbox 1111 3723 1189 3810; x_wconf 88' lang='lat' dir='ltr'>Xyl.</span> 
     </span>
     <span class='ocr_line' id='line_1_35' title="bbox 162 3819 1191 3908; baseline 0.003 -22"><span class='ocrx_word' id='word_1_311' title='bbox 162 3822 254 3886; x_wconf 88' lang='lat' dir='ltr'>Harl.</span> <span class='ocrx_word' id='word_1_312' title='bbox 278 3822 380 3908; x_wconf 83' lang='lat' dir='ltr'>magis</span> <span class='ocrx_word' id='word_1_313' title='bbox 403 3843 477 3885; x_wconf 91' lang='lat' dir='ltr'>cum</span> <span class='ocrx_word' id='word_1_314' title='bbox 496 3819 642 3904; x_wconf 87' lang='lat' dir='ltr'>exemplo</span> <span class='ocrx_word' id='word_1_315' title='bbox 665 3819 822 3883; x_wconf 81' lang='lat' dir='ltr'>Hcsrodeo</span> <span class='ocrx_word' id='word_1_316' title='bbox 844 3835 1041 3907; x_wconf 84' lang='lat' dir='ltr'>congruunt,</span> <span class='ocrx_word' id='word_1_317' title='bbox 1060 3847 1125 3888; x_wconf 90' lang='lat' dir='ltr'>uno</span> <span class='ocrx_word' id='word_1_318' title='bbox 1140 3824 1191 3890; x_wconf 90' lang='lat' dir='ltr'>in·</span> 
     </span>
     <span class='ocr_line' id='line_1_36' title="bbox 163 3922 1036 4010; baseline 0.001 -23"><span class='ocrx_word' id='word_1_319' title='bbox 163 3937 255 4010; x_wconf 81' lang='lat' dir='ltr'>tegro</span> <span class='ocrx_word' id='word_1_320' title='bbox 270 3931 356 3987; x_wconf 79' lang='lat' dir='ltr'>rerlu</span> <span class='ocrx_word' id='word_1_321' title='bbox 371 3923 567 4002; x_wconf 85' lang='lat' dir='ltr'>exhibentes,</span> <span class='ocrx_word' id='word_1_322' title='bbox 584 3927 653 4009; x_wconf 68' lang='lat' dir='ltr'>Ualg</span> <span class='ocrx_word' id='word_1_323' title='bbox 668 3925 687 3984; x_wconf 73' lang='grc' dir='ltr'>δ’</span> <span class='ocrx_word' id='word_1_324' title='bbox 704 3926 772 4008; x_wconf 72' lang='grc' dir='ltr'>αὐτῇ</span> <span class='ocrx_word' id='word_1_325' title='bbox 783 3949 821 4008; x_wconf 86' lang='grc' dir='ltr'>χ.</span> <span class='ocrx_word' id='word_1_326' title='bbox 836 3949 864 3986; x_wconf 84' lang='grc' dir='ltr'>σ.</span> <span class='ocrx_word' id='word_1_327' title='bbox 880 3922 957 3988; x_wconf 79' lang='lat' dir='ltr'>n.&#39;¹1.</span> <span class='ocrx_word' id='word_1_328' title='bbox 972 3928 996 3988; x_wconf 87' lang='grc' dir='ltr'>ι’.</span> <span class='ocrx_word' id='word_1_329' title='bbox 1013 3924 1036 3988; x_wconf 79' lang='grc' dir='ltr'>ἔ.</span> 
     </span>
    </p>

    <p class='ocr_par' dir='ltr' id='par_1_5' title="bbox 162 4024 1192 4313">
     <span class='ocr_line' id='line_1_37' title="bbox 202 4024 1192 4112; baseline 0.001 -23"><span class='ocrx_word' id='word_1_330' title='bbox 202 4044 257 4112; x_wconf 87' lang='lat'>49.</span> <span class='ocrx_word' id='word_1_331' title='bbox 272 4029 307 4090; x_wconf 88' lang='lat' dir='ltr'>F.</span> <span class='ocrx_word' id='word_1_332' title='bbox 330 4029 392 4088; x_wconf 83' lang='grc' dir='ltr'>κατ’</span> <span class='ocrx_word' id='word_1_333' title='bbox 412 4025 568 4110; x_wconf 75' lang='grc' dir='ltr'>Εὐριπίδην]</span> <span class='ocrx_word' id='word_1_334' title='bbox 604 4025 640 4087; x_wconf 86' lang='lat' dir='ltr'>Iu</span> <span class='ocrx_word' id='word_1_335' title='bbox 665 4024 741 4087; x_wconf 85' lang='lat' dir='ltr'>lone</span> <span class='ocrx_word' id='word_1_336' title='bbox 758 4041 831 4108; x_wconf 83' lang='lat'><strong>744.</strong></span> <span class='ocrx_word' id='word_1_337' title='bbox 867 4027 992 4111; x_wconf 82' lang='lat' dir='ltr'>Musgr.</span> <span class='ocrx_word' id='word_1_338' title='bbox 1017 4031 1067 4101; x_wconf 76' lang='grc' dir='ltr'>Εἷς</span> <span class='ocrx_word' id='word_1_339' title='bbox 1088 4026 1192 4109; x_wconf 72' lang='grc' dir='ltr'><strong><em>ὄμματ’</em></strong></span> 
     </span>
     <span class='ocr_line' id='line_1_38' title="bbox 162 4120 1192 4207; baseline 0.007 -20"><span class='ocrx_word' id='word_1_340' title='bbox 162 4123 222 4187; x_wconf 76' lang='lat' dir='ltr'>aira</span> <span class='ocrx_word' id='word_1_341' title='bbox 237 4127 321 4205; x_wconf 70' lang='grc' dir='ltr'>φωτὸς</span> <span class='ocrx_word' id='word_1_342' title='bbox 340 4121 486 4203; x_wconf 58' lang='lat' dir='ltr'>siagrium</span> <span class='ocrx_word' id='word_1_343' title='bbox 497 4122 601 4207; x_wconf 82' lang='grc' dir='ltr'>γλυκύ.</span> <span class='ocrx_word' id='word_1_344' title='bbox 640 4120 761 4186; x_wconf 82' lang='lat' dir='ltr'>Eodem</span> <span class='ocrx_word' id='word_1_345' title='bbox 781 4122 868 4187; x_wconf 70' lang='lat' dir='ltr'>diuo</span> <span class='ocrx_word' id='word_1_346' title='bbox 888 4125 988 4188; x_wconf 90' lang='lat' dir='ltr'>utitur</span> <span class='ocrx_word' id='word_1_347' title='bbox 1004 4125 1192 4194; x_wconf 83' lang='lat' dir='ltr'>Plutarchus</span> 
     </span>
     <span class='ocr_line' id='line_1_39' title="bbox 163 4223 1192 4313; baseline 0.004 -22"><span class='ocrx_word' id='word_1_348' title='bbox 163 4225 195 4291; x_wconf 88' lang='lat' dir='ltr'>in</span> <span class='ocrx_word' id='word_1_349' title='bbox 215 4225 277 4292; x_wconf 88' lang='lat' dir='ltr'>hoc</span> <span class='ocrx_word' id='word_1_350' title='bbox 292 4225 358 4313; x_wconf 87' lang='lat' dir='ltr'>ipso</span> <span class='ocrx_word' id='word_1_351' title='bbox 373 4225 455 4290; x_wconf 85' lang='lat' dir='ltr'>libro</span> <span class='ocrx_word' id='word_1_352' title='bbox 468 4245 502 4311; x_wconf 92' lang='lat' dir='ltr'>p.</span> <span class='ocrx_word' id='word_1_353' title='bbox 514 4226 567 4311; x_wconf 91' lang='lat'>69.</span> <span class='ocrx_word' id='word_1_354' title='bbox 582 4227 627 4290; x_wconf 87' lang='lat' dir='ltr'>A.</span> <span class='ocrx_word' id='word_1_355' title='bbox 648 4224 701 4289; x_wconf 87' lang='lat' dir='ltr'>ubi</span> <span class='ocrx_word' id='word_1_356' title='bbox 719 4224 796 4289; x_wconf 87' lang='lat' dir='ltr'>item</span> <span class='ocrx_word' id='word_1_357' title='bbox 810 4224 853 4290; x_wconf 92' lang='lat' dir='ltr'>est</span> <span class='ocrx_word' id='word_1_358' title='bbox 866 4223 1023 4308; x_wconf 71' lang='grc' dir='ltr'>ἐμίλίψαςι</span> <span class='ocrx_word' id='word_1_359' title='bbox 1047 4228 1192 4295; x_wconf 79' lang='lat' dir='ltr'>Stobaeur</span> 
     </span>
    </p>
   </div>
   <div class='ocr_carea' id='block_1_3' title="bbox 0 0 1363 4762">
    <p class='ocr_par' dir='ltr' id='par_1_6' title="bbox 0 0 1363 4762">
     <span class='ocr_line' id='line_1_40' title="bbox 0 0 1363 4762; baseline 0 0"><span class='ocrx_word' id='word_1_360' title='bbox 0 0 1363 4762; x_wconf 95' lang='lat' dir='ltr'> </span> 
     </span>
    </p>
   </div>
  </div>
 </body>
</html>
