2684 4762
231 321 309 386 syo-
374 313 476 373 nrs.
495 313 704 380 ausuum.
723 314 770 375 ur
792 310 1022 378 montaum
1041 277 1117 385 um.

182 485 185 491 '
228 475 271 539 eli
291 474 372 555 brec,
391 474 478 562 quod
495 477 654 564 AEsopicae
673 477 789 546 fabrrlas
811 492 844 547 ct
865 477 992 565 poetica
1011 491 1203 566 argumenta
1216 479 1254 551 ul

228 577 383 663 prierilem
405 578 652 660 institutionem,
669 579 790 667 reliqua
811 579 852 647 ad
874 580 1094 657 adolescentia
1115 578 1253 667 discipli

227 701 303 749 nom
328 693 362 747 ct
389 679 623 767 philosophiam
651 682 841 751 reseruntur.
895 680 993 748 Illa
983 704 1017 747 tn
1044 681 1254 758 Gnmmctici

226 779 333 849 schola
351 780 488 869 legendo
504 784 788 870 cognoscebantur,
802 783 890 870 apud
904 784 1076 850 Rbetorem
1090 784 1254 859 scribendo

225 882 464 953 ιἠἃὼιηωτ.
486 883 709 970 habebatque
700 884 828 956 nntium
842 907 880 960 ac
893 884 1035 971 primum
1049 884 1160 957 locum
1179 907 1253 972 pru·

223 988 482 1074 gymno-imarum
502 994 591 1071 μῦθος
608 989 769 1068 Αἰσώπειος,
788 987 927 1059 secundo
947 987 1019 1053 loco
1039 1001 1108 1053 crat
1121 989 1253 1072 lt'rsspc,

196 1089 371 1189 ‘unatim
391 1090 486 1178 eujus
508 1091 550 1161 cst
567 1113 672 1178 genus
693 1090 856 1178 quoddam
877 1103 1082 1179 argumentum
1101 1092 1252 1180 pusiam

223 1186 259 1253 id
272 1190 327 1270 eil,
342 1191 442 1256 brevis
452 1213 490 1256 ac
502 1191 668 1278 perspicua
679 1192 816 1256 narratio
828 1191 957 1272 sabulae,
970 1214 1043 1279 quse
1056 1191 1091 1258 in
1104 1206 1252 1280 poemati

223 1287 320 1359 latius
342 1290 496 1377 subusque
517 1291 721 1377 expositores.
754 1291 855 1379 Cujus
870 1291 1002 1364 instituti
1023 1292 1104 1359 rctio
1126 1292 1252 1361 uberius

224 1389 416 1477 intelligitur
436 1415 477 1457 ex
502 1393 705 1473 Rhetoribus,
730 1394 949 1481 Quinctilium
973 1395 1047 1460 inst.
1072 1396 1131 1461 Or.
1152 1396 1198 1462 11.
1218 1416 1251 1477 4.

224 1494 432 1580 Hermogene
453 1494 540 1580 apud
560 1495 750 1561 priscianum
772 1496 804 1561 in
828 1496 1151 1569 Praeexcrcitamcntit
1166 1517 1197 1562 1.
1219 1511 1250 1565 ct

225 1613 258 1665 2·
281 1616 383 1680 nuper
404 1595 537 1663 demum
556 1597 645 1666 edito
669 1600 784 1665 Groece
806 1598 839 1664 in
859 1597 1013 1664 Biblioth.
1035 1599 1150 1688 Antiq.
1172 1598 1249 1671 Lito

225 1695 356 1766 Theone
378 1698 692 1784 Progymnasmatum
712 1699 820 1784 capite
831 1719 865 1785 3.
886 1712 920 1765 et
937 1718 972 1780 4.
998 1698 1204 1785 Aphthonio,
1221 1718 1248 1769 ι,

223 1813 259 1865 ct
272 1817 309 1866 o:
332 1798 520 1883 quibuscum
538 1798 721 1869 conferatur
738 1800 853 1867 Cicero
868 1803 993 1867 lovem.
1009 1801 1108 1887 l.19=
1131 1813 1166 1866 et
1178 1802 1247 1866 Au·
1288 1851 1289 1855 ,

222 1904 293 1969 clm
304 1903 347 1969 ad
361 1902 604 1976 immunimus,
621 1906 652 1969 8.
688 1903 867 1970 Heraclidis
885 1902 1103 1982 liberatoris,
1123 1916 1158 1968 ct
1175 1900 1248 1978 Ati·

221 2005 317 2076 lionis
331 2007 455 2092 Lycen,
469 2004 565 2071 unica
577 2003 638 2071 hac
658 2005 817 2073 Plutarchi
832 2003 995 2073 mentione
1009 2003 1116 2070 adbuc
1129 2002 1249 2090 cogniti

221 2107 307 2176 sunt.
341 2105 456 2170 Abari's
478 2102 708 2191 hyperboreos,
731 2120 769 2175 ut
787 2105 977 2184 fabulosum,
995 2104 1042 2171 ita
1055 2103 1248 2175 celebratum

220 2208 307 2294 apud
333 2221 454 2273 veteres
479 2207 542 2273 suit
569 2231 709 2273 nomen:
739 2207 925 2275 Heraclides
951 2206 1029 2296 quin
1055 2208 1248 2296 cognomino

223 2311 362 2377 Ponticus
381 2309 584 2396 significetur,
606 2308 656 2372 rix
678 2308 813 2376 dubitari
835 2309 952 2395 potest3
979 2308 1132 2397 siquidem
1153 2307 1248 2397 hujus

219 2434 297 2479 cum
311 2411 489 2475 fabularum
504 2408 605 2475 studio
619 2408 683 2474 talc
700 2409 877 2495 scriptionis
890 2422 1117 2497 argumentum
1130 2432 1246 2476 conre·

219 2515 282 2578 nit.
326 2501 502 2577 Aristonem
518 2524 598 2596 puto
610 2510 675 2577 dici
689 2533 754 2576 nou
770 2511 890 2577 Chium
912 2510 1003 2581 illum
1023 2505 1182 2591 Stoicum,
1197 2511 1248 2585 sed

218 2615 328 2680 &um
351 2612 609 2697 Peripateticum,
631 2610 833 2676 successorem
857 2610 1009 2699 Lyconis,
1030 2632 1052 2677 a
1071 2611 1166 2700 cujuc
1187 2635 1247 2679 no-

112 2701 115 2707 '
218 2718 308 2785 mose
328 2737 404 2781 eum
430 2735 547 2779 nomen
571 2713 651 2778 noro
674 2712 804 2799 posuisse
828 2713 977 2779 cnutone
1000 2714 1064 2778 eo:
1093 2713 1147 2781 cns
1168 2713 1248 2783 ato

218 2809 381 2906 plcmqua,
395 2838 468 2903 qua
486 2814 626 2880 Aristoni
645 2813 729 2879 Chio
746 2813 978 2895 tribuebantur,
994 2814 1109 2900 scripta
1120 2815 1248 2904 adjudi-

220 2935 334 2988 carunt
360 2917 466 2983 idonei
484 2915 622 3004 judices,
651 2916 808 2981 Panaetius
831 2932 865 2982 et
888 2917 1068 2995 Soficrutea,
1092 2931 1130 2985 ut
1152 2918 1247 2991 refert

216 3023 384 3110 Diogenes
396 3023 503 3086 laert.
516 3018 595 3081 Vll.
613 3020 684 3103 ¹⁶3·
703 3017 756 3086 cui
771 3017 970 3084 adhibendus
983 3019 1026 3084 est
1044 3017 1135 3091 locut
1151 3020 1246 3087 Cice·

216 3122 306 3190 mnis
323 3121 392 3187 liu.
404 3120 448 3182 V.
461 3132 493 3202 5.
529 3115 627 3205 Quod
641 3130 750 3185 autem
764 3116 957 3203 Glyconcm,
972 3139 1037 3203 quo
1051 3117 1246 3204 cognomino

216 3237 350 3312 proptor
363 3221 546 3287 insanitatem
561 3217 781 3305 appellabatur
795 3221 906 3307 Lycon
922 3218 1048 3284 Horatii
1063 3219 1159 3305 Epist.
1172 3220 1200 3284 l.
1215 3240 1245 3288 r.

215 3347 273 3412 30,
292 3325 443 3393 cumdem
464 3337 562 3409 atquc
584 3322 671 3386 bunc
694 3320 939 3407 Peripateticum
960 3319 1021 3385 csse
1041 3319 1111 3387 vult
1127 3321 1246 3390 Mena·

215 3429 292 3514 gina
309 3426 350 3491 cd
371 3426 470 3511 Diog.
494 3428 600 3490 laert.
627 3424 670 3488 V.
690 3426 743 3506 67.
765 3421 847 3487 mibi
872 3421 1002 3509 quidem
1028 3445 1092 3488 non
1116 3424 1245 3509 prohat.

213 3530 417 3593 thtcrumc
439 3526 577 3591 lectione
599 3523 785 3611 hujusmodi
803 3523 956 3589 librorum
978 3535 1013 3590 ct
1032 3523 1158 3611 placitis
1178 3528 1247 3613 περὶ

215 3637 271 3694 τῶν
287 3630 388 3715 ψυχῶν
410 3624 516 3690 mixtis
534 3625 704 3710 μυθολογίᾳ,
724 3623 832 3712 quales
854 3625 886 3689 in
911 3626 1049 3695 Platonis
1071 3627 1245 3711 Pltscdonc,

212 3730 350 3816 Gorgia,
364 3730 405 3794 de
417 3727 591 3812 Republica
604 3728 684 3794 libro
694 3727 832 3809 decimo,
848 3729 1010 3801 Plutarchi
1024 3730 1065 3803 dc
1079 3732 1158 3804 Seru
1168 3733 1244 3798 Nu·

213 3831 310 3899 minis
322 3828 483 3908 Vinditia,
504 3826 544 3892 de
565 3827 669 3892 Genio
690 3828 841 3908 Socratis,
856 3828 896 3893 de
912 3829 1043 3909 Anima,
1064 3830 1106 3897 ab
1127 3829 1246 3898 horum

208 3935 316 4024 igitur
335 3933 471 3999 lectione
491 3930 618 3998 initium
640 3945 675 3997 ct
690 3931 809 4018 gradus
831 3932 959 4003 sebosa
976 3932 1121 4020 pueritiae
1136 3933 1246 4013 studiip

210 4039 255 4104 cd
269 4036 367 4104 {ludia
380 4034 598 4100 adolescentie
611 4047 645 4098 et
658 4033 875 4121 cognitionem
891 4033 1100 4122 philosophie
1107 4058 1117 4115 3
1137 4059 1244 4124 quan.

210 4138 388 4226 sicquidem
402 4136 694 4222 habentquanrlam
714 4136 793 4220 pile
811 4151 845 4200 et
863 4136 936 4222 λέγω
958 4136 1241 4226 conjunctioncmt

208 4236 255 4304 de
265 4260 331 4326 quo
342 4249 455 4305 ntouet
466 4236 612 4313 cruditur
624 4235 756 4325 scriptor
768 4235 881 4310 Theon
897 4237 1140 4327 Proconnesus·
1156 4239 1241 4338 0⁸1³?
