<?xml version="1.0" encoding="UTF-8"?>
<!DOCTYPE html PUBLIC "-//W3C//DTD XHTML 1.0 Transitional//EN"
    "http://www.w3.org/TR/xhtml1/DTD/xhtml1-transitional.dtd">
<html xmlns="http://www.w3.org/1999/xhtml" xml:lang="en" lang="en">
 <head>
  <title>
</title>
<meta http-equiv="Content-Type" content="text/html;charset=utf-8" />
  <meta name='ocr-system' content='tesseract 3.04.00' />
  <meta name='ocr-capabilities' content='ocr_page ocr_carea ocr_par ocr_line ocrx_word'/>
</head>
<body>
  <div class='ocr_page' id='page_1' title='image "./plutarchichaero15plutgoog_0482.png"; bbox 0 0 2684 4762; ppageno 0'>
   <div class='ocr_carea' id='block_1_1' title="bbox 139 261 1062 381">
    <p class='ocr_par' dir='ltr' id='par_1_1' title="bbox 139 261 1062 381">
     <span class='ocr_line' id='line_1_1' title="bbox 139 261 1062 381; baseline 0 -13"><span class='ocrx_word' id='word_1_1' title='bbox 139 314 201 381; x_wconf 77' lang='lat' dir='ltr'>aa</span> <span class='ocrx_word' id='word_1_2' title='bbox 282 307 321 374; x_wconf 82' lang='lat' dir='ltr'>o.</span> <span class='ocrx_word' id='word_1_3' title='bbox 336 307 386 365; x_wconf 88' lang='lat' dir='ltr'>w.</span> <span class='ocrx_word' id='word_1_4' title='bbox 408 305 616 368; x_wconf 69' lang='lat' dir='ltr'>Auruncu</span> <span class='ocrx_word' id='word_1_5' title='bbox 637 307 685 366; x_wconf 84' lang='lat' dir='ltr'>m</span> <span class='ocrx_word' id='word_1_6' title='bbox 706 261 942 368; x_wconf 73' lang='lat' dir='ltr'>ramanent</span> <span class='ocrx_word' id='word_1_7' title='bbox 965 309 1062 369; x_wconf 79' lang='lat' dir='ltr'>Lm.-</span> 
     </span>
    </p>
   </div>
   <div class='ocr_carea' id='block_1_2' title="bbox 129 468 1205 4323">
    <p class='ocr_par' dir='ltr' id='par_1_2' title="bbox 129 468 1205 3892">
     <span class='ocr_line' id='line_1_2' title="bbox 140 468 1197 558; baseline 0.001 -23"><span class='ocrx_word' id='word_1_8' title='bbox 140 471 227 541; x_wconf 87' lang='lat' dir='ltr'>tiunt</span> <span class='ocrx_word' id='word_1_9' title='bbox 249 469 388 550; x_wconf 90' lang='lat' dir='ltr'>codices,</span> <span class='ocrx_word' id='word_1_10' title='bbox 411 483 546 558; x_wconf 82' lang='lat' dir='ltr'>excepto</span> <span class='ocrx_word' id='word_1_11' title='bbox 566 471 656 536; x_wconf 86' lang='lat' dir='ltr'>Bafil.</span> <span class='ocrx_word' id='word_1_12' title='bbox 670 471 727 557; x_wconf 88' lang='lat' dir='ltr'>qui</span> <span class='ocrx_word' id='word_1_13' title='bbox 746 471 845 536; x_wconf 87' lang='lat' dir='ltr'>habet</span> <span class='ocrx_word' id='word_1_14' title='bbox 862 479 1044 550; x_wconf 71' lang='grc' dir='ltr'><strong><em>τολοοῦντος,</em></strong></span> <span class='ocrx_word' id='word_1_15' title='bbox 1072 468 1197 536; x_wconf 72' lang='lat' dir='ltr'>turrate</span> 
     </span>
     <span class='ocr_line' id='line_1_3' title="bbox 140 571 1198 658; baseline 0 -23"><span class='ocrx_word' id='word_1_16' title='bbox 140 571 259 635; x_wconf 90' lang='lat' dir='ltr'>librarii</span> <span class='ocrx_word' id='word_1_17' title='bbox 280 593 385 635; x_wconf 89' lang='lat' dir='ltr'>errore</span> <span class='ocrx_word' id='word_1_18' title='bbox 395 597 405 651; x_wconf 92' lang='lat'>;</span> <span class='ocrx_word' id='word_1_19' title='bbox 429 572 530 658; x_wconf 87' lang='lat' dir='ltr'>igitur</span> <span class='ocrx_word' id='word_1_20' title='bbox 543 572 588 635; x_wconf 92' lang='lat' dir='ltr'>nil</span> <span class='ocrx_word' id='word_1_21' title='bbox 604 586 741 651; x_wconf 89' lang='lat' dir='ltr'>mutem,</span> <span class='ocrx_word' id='word_1_22' title='bbox 762 592 822 636; x_wconf 86' lang='lat' dir='ltr'>nec</span> <span class='ocrx_word' id='word_1_23' title='bbox 841 571 1026 638; x_wconf 79' lang='lat' dir='ltr'>secundum</span> <span class='ocrx_word' id='word_1_24' title='bbox 1045 571 1198 638; x_wconf 65' lang='lat' dir='ltr'>Gazake-</span> 
     </span>
     <span class='ocr_line' id='line_1_4' title="bbox 140 671 1198 759; baseline -0.001 -23"><span class='ocrx_word' id='word_1_25' title='bbox 140 693 212 736; x_wconf 87' lang='lat' dir='ltr'>rum</span> <span class='ocrx_word' id='word_1_26' title='bbox 227 671 359 735; x_wconf 85' lang='lat' dir='ltr'>Advers.</span> <span class='ocrx_word' id='word_1_27' title='bbox 382 693 415 756; x_wconf 93' lang='lat' dir='ltr'>p.</span> <span class='ocrx_word' id='word_1_28' title='bbox 432 693 506 757; x_wconf 88' lang='lat'><strong>909.</strong></span> <span class='ocrx_word' id='word_1_29' title='bbox 526 687 559 736; x_wconf 89' lang='lat' dir='ltr'>et</span> <span class='ocrx_word' id='word_1_30' title='bbox 577 675 629 739; x_wconf 90' lang='lat' dir='ltr'>Jo.</span> <span class='ocrx_word' id='word_1_31' title='bbox 642 675 729 737; x_wconf 89' lang='lat' dir='ltr'>Dan.</span> <span class='ocrx_word' id='word_1_32' title='bbox 746 673 952 759; x_wconf 89' lang='lat' dir='ltr'>Lennepium</span> <span class='ocrx_word' id='word_1_33' title='bbox 966 673 1011 738; x_wconf 80' lang='lat' dir='ltr'>ad</span> <span class='ocrx_word' id='word_1_34' title='bbox 1030 672 1198 741; x_wconf 83' lang='lat' dir='ltr'>Phalarid.</span> 
     </span>
     <span class='ocr_line' id='line_1_5' title="bbox 140 775 1200 863; baseline 0.005 -25"><span class='ocrx_word' id='word_1_35' title='bbox 140 794 174 860; x_wconf 90' lang='lat' dir='ltr'>p.</span> <span class='ocrx_word' id='word_1_36' title='bbox 197 790 249 859; x_wconf 87' lang='lat'>73.</span> <span class='ocrx_word' id='word_1_37' title='bbox 279 776 383 862; x_wconf 86' lang='lat' dir='ltr'>legam</span> <span class='ocrx_word' id='word_1_38' title='bbox 408 775 540 863; x_wconf 68' lang='grc' dir='ltr'>ςρεὲλῶν,</span> <span class='ocrx_word' id='word_1_39' title='bbox 568 800 633 841; x_wconf 89' lang='lat' dir='ltr'>non</span> <span class='ocrx_word' id='word_1_40' title='bbox 658 777 746 862; x_wconf 93' lang='lat' dir='ltr'>quod</span> <span class='ocrx_word' id='word_1_41' title='bbox 773 777 880 841; x_wconf 88' lang='lat' dir='ltr'>minus</span> <span class='ocrx_word' id='word_1_42' title='bbox 908 779 1043 842; x_wconf 90' lang='lat' dir='ltr'>bonum</span> <span class='ocrx_word' id='word_1_43' title='bbox 1072 778 1200 843; x_wconf 84' lang='lat' dir='ltr'>sensum</span> 
     </span>
     <span class='ocr_line' id='line_1_6' title="bbox 140 877 1198 966; baseline 0.003 -26"><span class='ocrx_word' id='word_1_44' title='bbox 140 879 275 942; x_wconf 86' lang='lat' dir='ltr'>fundat:</span> <span class='ocrx_word' id='word_1_45' title='bbox 301 880 352 942; x_wconf 88' lang='lat' dir='ltr'>sed</span> <span class='ocrx_word' id='word_1_46' title='bbox 368 879 454 965; x_wconf 91' lang='lat' dir='ltr'>quod</span> <span class='ocrx_word' id='word_1_47' title='bbox 472 879 617 943; x_wconf 79' lang='lat' dir='ltr'>similiora</span> <span class='ocrx_word' id='word_1_48' title='bbox 632 879 719 942; x_wconf 88' lang='lat' dir='ltr'>haud</span> <span class='ocrx_word' id='word_1_49' title='bbox 742 877 848 966; x_wconf 87' lang='lat' dir='ltr'>pejora</span> <span class='ocrx_word' id='word_1_50' title='bbox 862 879 1051 965; x_wconf 81' lang='lat' dir='ltr'>excogitari</span> <span class='ocrx_word' id='word_1_51' title='bbox 1066 880 1198 966; x_wconf 85' lang='lat' dir='ltr'>poffint,</span> 
     </span>
     <span class='ocr_line' id='line_1_7' title="bbox 140 979 1197 1068; baseline 0 -25"><span class='ocrx_word' id='word_1_52' title='bbox 140 1002 212 1066; x_wconf 84' lang='lat' dir='ltr'>quae</span> <span class='ocrx_word' id='word_1_53' title='bbox 238 979 476 1058; x_wconf 78' lang='lat' dir='ltr'>substituantur,</span> <span class='ocrx_word' id='word_1_54' title='bbox 499 980 615 1068; x_wconf 77' lang='grc' dir='ltr'><strong><em>τίλλων,</em></strong></span> <span class='ocrx_word' id='word_1_55' title='bbox 636 980 752 1062; x_wconf 79' lang='grc' dir='ltr'><strong><em>τέμνων,</em></strong></span> <span class='ocrx_word' id='word_1_56' title='bbox 776 979 877 1058; x_wconf 73' lang='grc' dir='ltr'><strong><em>τείνων,</em></strong></span> <span class='ocrx_word' id='word_1_57' title='bbox 900 993 934 1044; x_wconf 88' lang='lat' dir='ltr'>et</span> <span class='ocrx_word' id='word_1_58' title='bbox 958 980 1078 1051; x_wconf 85' lang='lat' dir='ltr'>nescio</span> <span class='ocrx_word' id='word_1_59' title='bbox 1102 981 1197 1066; x_wconf 90' lang='lat' dir='ltr'>quid:</span> 
     </span>
     <span class='ocr_line' id='line_1_8' title="bbox 140 1083 1199 1170; baseline -0.001 -22"><span class='ocrx_word' id='word_1_60' title='bbox 140 1097 211 1148; x_wconf 88' lang='lat' dir='ltr'>tum</span> <span class='ocrx_word' id='word_1_61' title='bbox 242 1084 328 1170; x_wconf 90' lang='lat' dir='ltr'>quod</span> <span class='ocrx_word' id='word_1_62' title='bbox 351 1085 485 1169; x_wconf 85' lang='lat' dir='ltr'>¹vulgata</span> <span class='ocrx_word' id='word_1_63' title='bbox 513 1084 718 1168; x_wconf 71' lang='lat' dir='ltr'>prolubiliter</span> <span class='ocrx_word' id='word_1_64' title='bbox 748 1083 883 1169; x_wconf 85' lang='lat' dir='ltr'>intelligi</span> <span class='ocrx_word' id='word_1_65' title='bbox 912 1085 1021 1169; x_wconf 87' lang='lat' dir='ltr'>potest</span> <span class='ocrx_word' id='word_1_66' title='bbox 1053 1086 1199 1163; x_wconf 70' lang='grc' dir='ltr'>δαπανᾶν,</span> 
     </span>
     <span class='ocr_line' id='line_1_9' title="bbox 129 1185 1200 1273; baseline 0.001 -24"><span class='ocrx_word' id='word_1_67' title='bbox 129 1187 250 1273; x_wconf 84' lang='lat' dir='ltr'>sumtus</span> <span class='ocrx_word' id='word_1_68' title='bbox 259 1186 394 1271; x_wconf 82' lang='lat' dir='ltr'>faciens,</span> <span class='ocrx_word' id='word_1_69' title='bbox 408 1185 559 1270; x_wconf 75' lang='lat' dir='ltr'>pecaniam</span> <span class='ocrx_word' id='word_1_70' title='bbox 572 1185 773 1271; x_wconf 76' lang='lat' dir='ltr'>profundens:</span> <span class='ocrx_word' id='word_1_71' title='bbox 788 1185 876 1270; x_wconf 91' lang='lat' dir='ltr'>quod</span> <span class='ocrx_word' id='word_1_72' title='bbox 888 1185 968 1249; x_wconf 85' lang='lat' dir='ltr'>item</span> <span class='ocrx_word' id='word_1_73' title='bbox 985 1185 1122 1273; x_wconf 85' lang='lat' dir='ltr'>infigne</span> <span class='ocrx_word' id='word_1_74' title='bbox 1137 1186 1200 1250; x_wconf 83' lang='lat' dir='ltr'>fuit</span> 
     </span>
     <span class='ocr_line' id='line_1_10' title="bbox 140 1283 1201 1375; baseline 0.003 -25"><span class='ocrx_word' id='word_1_75' title='bbox 140 1287 227 1350; x_wconf 86' lang='lat' dir='ltr'>istius</span> <span class='ocrx_word' id='word_1_76' title='bbox 243 1287 406 1350; x_wconf 87' lang='lat' dir='ltr'>Ptolemaei</span> <span class='ocrx_word' id='word_1_77' title='bbox 423 1286 548 1364; x_wconf 88' lang='lat' dir='ltr'>vitium,</span> <span class='ocrx_word' id='word_1_78' title='bbox 564 1286 680 1372; x_wconf 83' lang='lat' dir='ltr'>dequo</span> <span class='ocrx_word' id='word_1_79' title='bbox 694 1300 731 1351; x_wconf 90' lang='lat' dir='ltr'>ut</span> <span class='ocrx_word' id='word_1_80' title='bbox 745 1286 785 1350; x_wconf 91' lang='lat' dir='ltr'>de</span> <span class='ocrx_word' id='word_1_81' title='bbox 800 1299 870 1351; x_wconf 89' lang='lat' dir='ltr'>toto</span> <span class='ocrx_word' id='word_1_82' title='bbox 884 1283 1021 1350; x_wconf 88' lang='lat' dir='ltr'>homine</span> <span class='ocrx_word' id='word_1_83' title='bbox 1038 1287 1201 1375; x_wconf 81' lang='lat' dir='ltr'>legantur</span> 
     </span>
     <span class='ocr_line' id='line_1_11' title="bbox 141 1388 1199 1475; baseline 0.001 -21"><span class='ocrx_word' id='word_1_84' title='bbox 141 1389 336 1455; x_wconf 75' lang='lat' dir='ltr'>collectanea</span> <span class='ocrx_word' id='word_1_85' title='bbox 350 1391 380 1454; x_wconf 83' lang='lat' dir='ltr'>J.</span> <span class='ocrx_word' id='word_1_86' title='bbox 394 1388 559 1453; x_wconf 84' lang='lat' dir='ltr'>Vaillautii</span> <span class='ocrx_word' id='word_1_87' title='bbox 574 1389 692 1453; x_wconf 86' lang='lat' dir='ltr'>Histor.</span> <span class='ocrx_word' id='word_1_88' title='bbox 709 1389 957 1452; x_wconf 85' lang='lat' dir='ltr'>Ptolemaeorum</span> <span class='ocrx_word' id='word_1_89' title='bbox 974 1410 1011 1475; x_wconf 90' lang='lat' dir='ltr'>p.</span> <span class='ocrx_word' id='word_1_90' title='bbox 1024 1392 1111 1454; x_wconf 92' lang='lat'><strong>106.</strong></span> <span class='ocrx_word' id='word_1_91' title='bbox 1141 1397 1199 1455; x_wconf 77' lang='grc' dir='ltr'>Τν-</span> 
     </span>
     <span class='ocr_line' id='line_1_12' title="bbox 141 1483 1198 1580; baseline 0.004 -24"><span class='ocrx_word' id='word_1_92' title='bbox 141 1483 196 1556; x_wconf 81' lang='grc' dir='ltr'><strong><em>λεῑν</em></strong></span> <span class='ocrx_word' id='word_1_93' title='bbox 222 1515 281 1578; x_wconf 86' lang='lat' dir='ltr'>pro</span> <span class='ocrx_word' id='word_1_94' title='bbox 304 1494 424 1575; x_wconf 77' lang='grc' dir='ltr'><strong><em>ὃατανᾴν</em></strong></span> <span class='ocrx_word' id='word_1_95' title='bbox 450 1492 493 1554; x_wconf 87' lang='lat' dir='ltr'>est</span> <span class='ocrx_word' id='word_1_96' title='bbox 516 1491 603 1576; x_wconf 87' lang='lat' dir='ltr'>apud</span> <span class='ocrx_word' id='word_1_97' title='bbox 629 1490 835 1556; x_wconf 84' lang='lat' dir='ltr'>Plutarchum</span> <span class='ocrx_word' id='word_1_98' title='bbox 858 1491 969 1555; x_wconf 88' lang='lat' dir='ltr'>Dione</span> <span class='ocrx_word' id='word_1_99' title='bbox 993 1512 1030 1577; x_wconf 94' lang='lat' dir='ltr'>p.</span> <span class='ocrx_word' id='word_1_100' title='bbox 1048 1496 1134 1580; x_wconf 81' lang='lat'><strong>964.</strong></span> <span class='ocrx_word' id='word_1_101' title='bbox 1154 1497 1181 1559; x_wconf 83' lang='lat' dir='ltr'><em>F</em></span> <span class='ocrx_word' id='word_1_102' title='bbox 1189 1520 1198 1560; x_wconf 77' lang='grc' dir='ltr'><strong><em>ι</em></strong></span> 
     </span>
     <span class='ocr_line' id='line_1_13' title="bbox 140 1590 1200 1684; baseline 0.004 -27"><span class='ocrx_word' id='word_1_103' title='bbox 140 1593 187 1657; x_wconf 83' lang='grc' dir='ltr'><strong><em>τόν</em></strong></span> <span class='ocrx_word' id='word_1_104' title='bbox 206 1619 238 1654; x_wconf 84' lang='grc' dir='ltr'>το</span> <span class='ocrx_word' id='word_1_105' title='bbox 257 1595 343 1677; x_wconf 63' lang='grc' dir='ltr'><strong><em>χορὸν</em></strong></span> <span class='ocrx_word' id='word_1_106' title='bbox 357 1593 474 1668; x_wconf 78' lang='grc' dir='ltr'><strong><em>ἤσκησεν</em></strong></span> <span class='ocrx_word' id='word_1_107' title='bbox 487 1597 499 1652; x_wconf 84' lang='grc' dir='ltr'><strong>ὁ</strong></span> <span class='ocrx_word' id='word_1_108' title='bbox 515 1591 601 1669; x_wconf 77' lang='grc' dir='ltr'><strong><em>Δίων,</em></strong></span> <span class='ocrx_word' id='word_1_109' title='bbox 617 1590 663 1671; x_wconf 68' lang='lat' dir='ltr'>aa}</span> <span class='ocrx_word' id='word_1_110' title='bbox 682 1593 714 1655; x_wconf 80' lang='grc' dir='ltr'><strong><em>τὸ</em></strong></span> <span class='ocrx_word' id='word_1_111' title='bbox 734 1591 881 1674; x_wconf 70' lang='grc' dir='ltr'>δαπάνημα</span> <span class='ocrx_word' id='word_1_112' title='bbox 892 1597 956 1656; x_wconf 64' lang='lat' dir='ltr'>orda</span> <span class='ocrx_word' id='word_1_113' title='bbox 969 1591 1112 1659; x_wconf 70' lang='grc' dir='ltr'><strong><em>ἐτέλεσεν</em></strong></span> <span class='ocrx_word' id='word_1_114' title='bbox 1126 1600 1200 1684; x_wconf 69' lang='grc' dir='ltr'>σις’</span> 
     </span>
     <span class='ocr_line' id='line_1_14' title="bbox 141 1693 1200 1786; baseline 0.005 -28"><span class='ocrx_word' id='word_1_115' title='bbox 141 1701 249 1758; x_wconf 65' lang='grc' dir='ltr'><strong><em>ἑαυτοῦ.</em></strong></span> <span class='ocrx_word' id='word_1_116' title='bbox 288 1693 409 1780; x_wconf 87' lang='lat' dir='ltr'>Pyrrho</span> <span class='ocrx_word' id='word_1_117' title='bbox 427 1695 567 1780; x_wconf 68' lang='grc' dir='ltr'><strong><em>χρήματα</em></strong></span> <span class='ocrx_word' id='word_1_118' title='bbox 587 1701 686 1758; x_wconf 72' lang='grc' dir='ltr'><strong><em>τελεῖν.</em></strong></span> <span class='ocrx_word' id='word_1_119' title='bbox 721 1697 866 1759; x_wconf 86' lang='lat' dir='ltr'>Eumene</span> <span class='ocrx_word' id='word_1_120' title='bbox 888 1717 921 1780; x_wconf 88' lang='lat' dir='ltr'>p.</span> <span class='ocrx_word' id='word_1_121' title='bbox 935 1696 1018 1785; x_wconf 80' lang='lat'><strong>584.</strong></span> <span class='ocrx_word' id='word_1_122' title='bbox 1034 1697 1097 1763; x_wconf 80' lang='lat' dir='ltr'>B:</span> <span class='ocrx_word' id='word_1_123' title='bbox 1121 1703 1200 1786; x_wconf 69' lang='grc' dir='ltr'>χρῆ-</span> 
     </span>
     <span class='ocr_line' id='line_1_15' title="bbox 141 1797 1201 1888; baseline 0.005 -29"><span class='ocrx_word' id='word_1_124' title='bbox 141 1823 223 1879; x_wconf 81' lang='grc' dir='ltr'><strong><em>ματα</em></strong></span> <span class='ocrx_word' id='word_1_125' title='bbox 243 1807 330 1860; x_wconf 77' lang='grc' dir='ltr'><strong><em>τελῶν</em></strong></span> <span class='ocrx_word' id='word_1_126' title='bbox 350 1801 385 1871; x_wconf 79' lang='grc' dir='ltr'>εἷς</span> <span class='ocrx_word' id='word_1_127' title='bbox 403 1801 450 1875; x_wconf 77' lang='grc' dir='ltr'><strong><em>τὴν</em></strong></span> <span class='ocrx_word' id='word_1_128' title='bbox 470 1805 506 1861; x_wconf 70' lang='grc' dir='ltr'><strong><em>τῦ</em></strong></span> <span class='ocrx_word' id='word_1_129' title='bbox 524 1799 600 1879; x_wconf 73' lang='grc' dir='ltr'><strong><em>τάφε</em></strong></span> <span class='ocrx_word' id='word_1_130' title='bbox 617 1803 790 1876; x_wconf 80' lang='grc' dir='ltr'><strong><em>κατασκευὴν</em></strong></span> <span class='ocrx_word' id='word_1_131' title='bbox 813 1802 923 1880; x_wconf 77' lang='grc' dir='ltr'><strong><em>ἀφειδῶς</em></strong></span> <span class='ocrx_word' id='word_1_132' title='bbox 944 1797 996 1880; x_wconf 66' lang='lat' dir='ltr'>xor)</span> <span class='ocrx_word' id='word_1_133' title='bbox 1019 1803 1201 1888; x_wconf 70' lang='grc' dir='ltr'><strong><em>προθύμως.</em></strong></span> 
     </span>
     <span class='ocr_line' id='line_1_16' title="bbox 141 1899 1200 1986; baseline -0.002 -21"><span class='ocrx_word' id='word_1_134' title='bbox 141 1899 194 1965; x_wconf 88' lang='lat' dir='ltr'>De</span> <span class='ocrx_word' id='word_1_135' title='bbox 210 1899 312 1961; x_wconf 87' lang='lat' dir='ltr'>Sanit.</span> <span class='ocrx_word' id='word_1_136' title='bbox 334 1920 367 1983; x_wconf 94' lang='lat' dir='ltr'>p.</span> <span class='ocrx_word' id='word_1_137' title='bbox 382 1919 452 1983; x_wconf 86' lang='lat'><strong>125.</strong></span> <span class='ocrx_word' id='word_1_138' title='bbox 468 1901 521 1963; x_wconf 87' lang='lat' dir='ltr'>A:</span> <span class='ocrx_word' id='word_1_139' title='bbox 544 1899 635 1986; x_wconf 77' lang='grc' dir='ltr'><strong><em>Φρύνῃ</em></strong></span> <span class='ocrx_word' id='word_1_140' title='bbox 652 1901 678 1962; x_wconf 78' lang='grc' dir='ltr'>δὲ</span> <span class='ocrx_word' id='word_1_141' title='bbox 691 1899 853 1973; x_wconf 70' lang='grc' dir='ltr'><strong><em>τελέσαντες</em></strong></span> <span class='ocrx_word' id='word_1_142' title='bbox 867 1899 1032 1986; x_wconf 61' lang='grc' dir='ltr'>ἁςγῦρων·ἢ</span> <span class='ocrx_word' id='word_1_143' title='bbox 1050 1908 1200 1971; x_wconf 39' lang='lat' dir='ltr'>Anah.</span> 
     </span>
     <span class='ocr_line' id='line_1_17' title="bbox 144 2001 1200 2088; baseline 0.006 -24"><span class='ocrx_word' id='word_1_144' title='bbox 144 2001 241 2064; x_wconf 80' lang='lat' dir='ltr'>Porro</span> <span class='ocrx_word' id='word_1_145' title='bbox 253 2004 343 2082; x_wconf 69' lang='grc' dir='ltr'>μιῶὸν</span> <span class='ocrx_word' id='word_1_146' title='bbox 355 2009 442 2068; x_wconf 75' lang='grc' dir='ltr'><strong><em>τελεῖν</em></strong></span> <span class='ocrx_word' id='word_1_147' title='bbox 457 2004 618 2088; x_wconf 85' lang='lat' dir='ltr'><strong>frequens.</strong></span> <span class='ocrx_word' id='word_1_148' title='bbox 654 2003 768 2066; x_wconf 80' lang='lat' dir='ltr'>Suidas</span> <span class='ocrx_word' id='word_1_149' title='bbox 781 2005 888 2065; x_wconf 78' lang='grc' dir='ltr'><strong><em>Τελεῐν·</em></strong></span> <span class='ocrx_word' id='word_1_150' title='bbox 913 2006 1066 2069; x_wconf 73' lang='grc' dir='ltr'><strong><em>ἐπιτελεῖν·</em></strong></span> <span class='ocrx_word' id='word_1_151' title='bbox 1090 2014 1200 2073; x_wconf 63' lang='lat' dir='ltr'>coreb·</span> 
     </span>
     <span class='ocr_line' id='line_1_18' title="bbox 142 2101 1201 2194; baseline 0.008 -29"><span class='ocrx_word' id='word_1_152' title='bbox 142 2101 211 2179; x_wconf 71' lang='grc' dir='ltr'>ἢτὸ</span> <span class='ocrx_word' id='word_1_153' title='bbox 234 2106 366 2188; x_wconf 76' lang='grc' dir='ltr'><strong><em>δοταιᾷν.</em></strong></span> <span class='ocrx_word' id='word_1_154' title='bbox 402 2103 477 2166; x_wconf 86' lang='lat' dir='ltr'>Alia</span> <span class='ocrx_word' id='word_1_155' title='bbox 497 2104 606 2167; x_wconf 90' lang='lat' dir='ltr'>etiam</span> <span class='ocrx_word' id='word_1_156' title='bbox 620 2104 653 2166; x_wconf 91' lang='lat' dir='ltr'>in</span> <span class='ocrx_word' id='word_1_157' title='bbox 678 2102 762 2167; x_wconf 89' lang='lat' dir='ltr'>hanc</span> <span class='ocrx_word' id='word_1_158' title='bbox 784 2125 852 2167; x_wconf 90' lang='lat' dir='ltr'>rcm</span> <span class='ocrx_word' id='word_1_159' title='bbox 873 2101 981 2166; x_wconf 83' lang='lat' dir='ltr'>adfert</span> <span class='ocrx_word' id='word_1_160' title='bbox 1003 2105 1057 2168; x_wconf 89' lang='lat' dir='ltr'>H.</span> <span class='ocrx_word' id='word_1_161' title='bbox 1076 2108 1201 2194; x_wconf 88' lang='lat' dir='ltr'>Steph.</span> 
     </span>
     <span class='ocr_line' id='line_1_19' title="bbox 142 2205 1201 2293; baseline 0.007 -23"><span class='ocrx_word' id='word_1_162' title='bbox 142 2205 235 2270; x_wconf 85' lang='lat' dir='ltr'><strong>Thes.</strong></span> <span class='ocrx_word' id='word_1_163' title='bbox 252 2208 289 2269; x_wconf 91' lang='lat' dir='ltr'>L.</span> <span class='ocrx_word' id='word_1_164' title='bbox 306 2207 364 2269; x_wconf 91' lang='lat' dir='ltr'>Gr.</span> <span class='ocrx_word' id='word_1_165' title='bbox 379 2208 418 2271; x_wconf 89' lang='lat' dir='ltr'>T.</span> <span class='ocrx_word' id='word_1_166' title='bbox 435 2209 497 2270; x_wconf 91' lang='lat' dir='ltr'><strong>III.</strong></span> <span class='ocrx_word' id='word_1_167' title='bbox 522 2229 554 2292; x_wconf 94' lang='lat' dir='ltr'>p.</span> <span class='ocrx_word' id='word_1_168' title='bbox 575 2208 669 2292; x_wconf 85' lang='lat'><strong>1378.</strong></span> <span class='ocrx_word' id='word_1_169' title='bbox 705 2208 794 2293; x_wconf 87' lang='lat' dir='ltr'>Ergo</span> <span class='ocrx_word' id='word_1_170' title='bbox 808 2207 878 2271; x_wconf 85' lang='lat' dir='ltr'>haec</span> <span class='ocrx_word' id='word_1_171' title='bbox 897 2205 1012 2271; x_wconf 82' lang='lat' dir='ltr'>omnia</span> <span class='ocrx_word' id='word_1_172' title='bbox 1029 2209 1081 2274; x_wconf 88' lang='lat' dir='ltr'>ad</span> <span class='ocrx_word' id='word_1_173' title='bbox 1104 2234 1201 2276; x_wconf 84' lang='lat' dir='ltr'>eum-</span> 
     </span>
     <span class='ocr_line' id='line_1_20' title="bbox 142 2307 1203 2398; baseline 0.008 -26"><span class='ocrx_word' id='word_1_174' title='bbox 142 2307 217 2372; x_wconf 87' lang='lat' dir='ltr'>dem</span> <span class='ocrx_word' id='word_1_175' title='bbox 234 2307 443 2372; x_wconf 79' lang='lat' dir='ltr'>Ptolemaeum</span> <span class='ocrx_word' id='word_1_176' title='bbox 460 2309 659 2395; x_wconf 84' lang='lat' dir='ltr'>Physconem</span> <span class='ocrx_word' id='word_1_177' title='bbox 674 2308 856 2373; x_wconf 84' lang='lat' dir='ltr'>referenda:</span> <span class='ocrx_word' id='word_1_178' title='bbox 876 2307 971 2395; x_wconf 82' lang='lat' dir='ltr'>cujus</span> <span class='ocrx_word' id='word_1_179' title='bbox 984 2331 1072 2398; x_wconf 78' lang='lat' dir='ltr'>erga</span> <span class='ocrx_word' id='word_1_180' title='bbox 1086 2313 1203 2380; x_wconf 72' lang='lat' dir='ltr'>literas</span> 
     </span>
     <span class='ocr_line' id='line_1_21' title="bbox 144 2412 1202 2500; baseline 0.008 -23"><span class='ocrx_word' id='word_1_181' title='bbox 144 2412 293 2487; x_wconf 88' lang='lat' dir='ltr'>studium,</span> <span class='ocrx_word' id='word_1_182' title='bbox 311 2427 343 2476; x_wconf 87' lang='lat' dir='ltr'>et</span> <span class='ocrx_word' id='word_1_183' title='bbox 358 2413 489 2499; x_wconf 90' lang='lat' dir='ltr'>scriptos</span> <span class='ocrx_word' id='word_1_184' title='bbox 509 2413 769 2493; x_wconf 85' lang='lat' dir='ltr'>commentarios,</span> <span class='ocrx_word' id='word_1_185' title='bbox 793 2414 875 2500; x_wconf 81' lang='lat' dir='ltr'>saepe</span> <span class='ocrx_word' id='word_1_186' title='bbox 893 2429 1064 2480; x_wconf 76' lang='lat' dir='ltr'>memorat</span> <span class='ocrx_word' id='word_1_187' title='bbox 1086 2419 1202 2485; x_wconf 82' lang='lat' dir='ltr'>Athe-</span> 
     </span>
     <span class='ocr_line' id='line_1_22' title="bbox 144 2513 1203 2600; baseline 0.008 -25"><span class='ocrx_word' id='word_1_188' title='bbox 144 2535 245 2591; x_wconf 80' lang='lat' dir='ltr'>uaeus,</span> <span class='ocrx_word' id='word_1_189' title='bbox 267 2513 458 2597; x_wconf 87' lang='lat' dir='ltr'>discipulum</span> <span class='ocrx_word' id='word_1_190' title='bbox 482 2515 654 2578; x_wconf 85' lang='lat' dir='ltr'>Aristarchi</span> <span class='ocrx_word' id='word_1_191' title='bbox 673 2537 748 2578; x_wconf 91' lang='lat' dir='ltr'>eum</span> <span class='ocrx_word' id='word_1_192' title='bbox 770 2515 940 2600; x_wconf 85' lang='lat' dir='ltr'>perhibens</span> <span class='ocrx_word' id='word_1_193' title='bbox 955 2515 1004 2579; x_wconf 91' lang='lat' dir='ltr'>II.</span> <span class='ocrx_word' id='word_1_194' title='bbox 1021 2533 1084 2600; x_wconf 88' lang='lat'>71.</span> <span class='ocrx_word' id='word_1_195' title='bbox 1101 2522 1146 2586; x_wconf 92' lang='lat' dir='ltr'>B.</span> <span class='ocrx_word' id='word_1_196' title='bbox 1169 2535 1203 2586; x_wconf 89' lang='lat' dir='ltr'>et</span> 
     </span>
     <span class='ocr_line' id='line_1_23' title="bbox 143 2614 1205 2708; baseline 0.004 -33"><span class='ocrx_word' id='word_1_197' title='bbox 143 2614 257 2697; x_wconf 82' lang='lat' dir='ltr'>partlm</span> <span class='ocrx_word' id='word_1_198' title='bbox 280 2614 390 2678; x_wconf 86' lang='lat' dir='ltr'>retulit</span> <span class='ocrx_word' id='word_1_199' title='bbox 409 2617 441 2678; x_wconf 87' lang='lat' dir='ltr'>J.</span> <span class='ocrx_word' id='word_1_200' title='bbox 464 2616 509 2676; x_wconf 90' lang='lat' dir='ltr'>A.</span> <span class='ocrx_word' id='word_1_201' title='bbox 526 2616 686 2678; x_wconf 85' lang='lat' dir='ltr'>Fabricius</span> <span class='ocrx_word' id='word_1_202' title='bbox 711 2615 794 2678; x_wconf 87' lang='lat' dir='ltr'>Bibl.</span> <span class='ocrx_word' id='word_1_203' title='bbox 816 2617 874 2681; x_wconf 91' lang='lat' dir='ltr'>Gr.</span> <span class='ocrx_word' id='word_1_204' title='bbox 899 2615 975 2679; x_wconf 94' lang='lat' dir='ltr'>Vol.</span> <span class='ocrx_word' id='word_1_205' title='bbox 1001 2618 1030 2680; x_wconf 90' lang='grc' dir='ltr'>Ι.</span> <span class='ocrx_word' id='word_1_206' title='bbox 1057 2640 1146 2708; x_wconf 84' lang='lat'><strong>339.</strong></span> <span class='ocrx_word' id='word_1_207' title='bbox 1170 2638 1205 2688; x_wconf 78' lang='lat' dir='ltr'>et</span> 
     </span>
     <span class='ocr_line' id='line_1_24' title="bbox 143 2715 1205 2806; baseline 0.011 -27"><span class='ocrx_word' id='word_1_208' title='bbox 143 2716 241 2779; x_wconf 88' lang='lat' dir='ltr'><strong>XIII.</strong></span> <span class='ocrx_word' id='word_1_209' title='bbox 261 2716 336 2798; x_wconf 80' lang='lat'><strong>381.</strong></span> <span class='ocrx_word' id='word_1_210' title='bbox 381 2715 520 2800; x_wconf 83' lang='lat' dir='ltr'>Elegans</span> <span class='ocrx_word' id='word_1_211' title='bbox 541 2717 584 2778; x_wconf 90' lang='lat' dir='ltr'>est</span> <span class='ocrx_word' id='word_1_212' title='bbox 607 2717 680 2779; x_wconf 83' lang='lat' dir='ltr'>usus</span> <span class='ocrx_word' id='word_1_213' title='bbox 699 2717 784 2780; x_wconf 86' lang='lat' dir='ltr'>verbi</span> <span class='ocrx_word' id='word_1_214' title='bbox 801 2716 942 2796; x_wconf 72' lang='grc' dir='ltr'><strong><em>ἀτοτείνω,</em></strong></span> <span class='ocrx_word' id='word_1_215' title='bbox 955 2718 1205 2806; x_wconf 62' lang='lat' dir='ltr'>disputationem</span> 
     </span>
     <span class='ocr_line' id='line_1_25' title="bbox 142 2813 1202 2908; baseline 0.004 -30"><span class='ocrx_word' id='word_1_216' title='bbox 142 2815 175 2878; x_wconf 75' lang='lat' dir='ltr'>ia</span> <span class='ocrx_word' id='word_1_217' title='bbox 191 2813 310 2901; x_wconf 84' lang='lat' dir='ltr'>longam</span> <span class='ocrx_word' id='word_1_218' title='bbox 327 2827 436 2901; x_wconf 76' lang='lat' dir='ltr'>tempas</span> <span class='ocrx_word' id='word_1_219' title='bbox 459 2816 581 2878; x_wconf 79' lang='lat' dir='ltr'>extraho</span> <span class='ocrx_word' id='word_1_220' title='bbox 591 2841 600 2895; x_wconf 83' lang='lat'><em>3</em></span> <span class='ocrx_word' id='word_1_221' title='bbox 625 2817 664 2879; x_wconf 85' lang='lat' dir='ltr'>sle</span> <span class='ocrx_word' id='word_1_222' title='bbox 685 2816 716 2879; x_wconf 88' lang='lat' dir='ltr'>iu</span> <span class='ocrx_word' id='word_1_223' title='bbox 735 2815 860 2882; x_wconf 84' lang='lat' dir='ltr'>Catone</span> <span class='ocrx_word' id='word_1_224' title='bbox 873 2818 959 2881; x_wconf 81' lang='lat' dir='ltr'>M&#39;m.</span> <span class='ocrx_word' id='word_1_225' title='bbox 982 2840 1019 2904; x_wconf 90' lang='lat' dir='ltr'>p.</span> <span class='ocrx_word' id='word_1_226' title='bbox 1036 2840 1124 2908; x_wconf 83' lang='lat'>792.</span> <span class='ocrx_word' id='word_1_227' title='bbox 1149 2826 1202 2892; x_wconf 67' lang='lat' dir='ltr'>Cg</span> 
     </span>
     <span class='ocr_line' id='line_1_26' title="bbox 142 2914 1203 3009; baseline 0.004 -30"><span class='ocrx_word' id='word_1_228' title='bbox 142 2914 262 2979; x_wconf 74' lang='grc' dir='ltr'><strong><em>ἀπέτεινε</em></strong></span> <span class='ocrx_word' id='word_1_229' title='bbox 281 2915 454 3000; x_wconf 66' lang='grc' dir='ltr'><strong><em>στορῤωτίιτω</em></strong></span> <span class='ocrx_word' id='word_1_230' title='bbox 475 2917 638 3001; x_wconf 75' lang='grc' dir='ltr'><strong><em>τὸνλόγον.</em></strong></span> <span class='ocrx_word' id='word_1_231' title='bbox 673 2919 725 2981; x_wconf 88' lang='lat' dir='ltr'>De</span> <span class='ocrx_word' id='word_1_232' title='bbox 749 2918 820 2981; x_wconf 83' lang='lat' dir='ltr'>Istd.</span> <span class='ocrx_word' id='word_1_233' title='bbox 844 2935 878 2982; x_wconf 85' lang='lat' dir='ltr'>et</span> <span class='ocrx_word' id='word_1_234' title='bbox 901 2919 979 2984; x_wconf 82' lang='lat' dir='ltr'>Ostr.</span> <span class='ocrx_word' id='word_1_235' title='bbox 1005 2941 1042 3005; x_wconf 92' lang='lat' dir='ltr'>p.</span> <span class='ocrx_word' id='word_1_236' title='bbox 1059 2928 1148 3009; x_wconf 82' lang='lat'>358,</span> <span class='ocrx_word' id='word_1_237' title='bbox 1165 2931 1203 2992; x_wconf 80' lang='lat' dir='ltr'>F,</span> 
     </span>
     <span class='ocr_line' id='line_1_27' title="bbox 143 3019 1204 3109; baseline 0.004 -25"><span class='ocrx_word' id='word_1_238' title='bbox 143 3019 296 3084; x_wconf 79' lang='lat' dir='ltr'>Aristides</span> <span class='ocrx_word' id='word_1_239' title='bbox 317 3021 355 3082; x_wconf 84' lang='lat' dir='ltr'>T.</span> <span class='ocrx_word' id='word_1_240' title='bbox 373 3020 399 3081; x_wconf 88' lang='lat' dir='ltr'>I.</span> <span class='ocrx_word' id='word_1_241' title='bbox 425 3040 457 3103; x_wconf 90' lang='lat' dir='ltr'>p.</span> <span class='ocrx_word' id='word_1_242' title='bbox 473 3021 535 3104; x_wconf 85' lang='lat'>289</span> <span class='ocrx_word' id='word_1_243' title='bbox 551 3046 559 3084; x_wconf 75' lang='lat' dir='ltr'>r</span> <span class='ocrx_word' id='word_1_244' title='bbox 583 3026 701 3100; x_wconf 72' lang='grc' dir='ltr'><strong><em>ποιῆσαν</em></strong></span> <span class='ocrx_word' id='word_1_245' title='bbox 718 3019 881 3102; x_wconf 61' lang='grc' dir='ltr'><strong><em>μέλη-κο)</em></strong></span> <span class='ocrx_word' id='word_1_246' title='bbox 900 3025 948 3098; x_wconf 75' lang='grc' dir='ltr'><strong><em>τὴν</em></strong></span> <span class='ocrx_word' id='word_1_247' title='bbox 968 3029 1077 3109; x_wconf 66' lang='grc' dir='ltr'><strong><em>τροφὴν</em></strong></span> <span class='ocrx_word' id='word_1_248' title='bbox 1097 3031 1138 3104; x_wconf 76' lang='grc' dir='ltr'>ὠς</span> <span class='ocrx_word' id='word_1_249' title='bbox 1160 3033 1204 3094; x_wconf 68' lang='grc' dir='ltr'>ἐπὶ</span> 
     </span>
     <span class='ocr_line' id='line_1_28' title="bbox 143 3120 1204 3208; baseline 0.004 -28"><span class='ocrx_word' id='word_1_250' title='bbox 143 3120 257 3201; x_wconf 71' lang='grc' dir='ltr'><strong><em>μήκιςον</em></strong></span> <span class='ocrx_word' id='word_1_251' title='bbox 272 3122 409 3196; x_wconf 60' lang='lat' dir='ltr'>arnolsinus.</span> <span class='ocrx_word' id='word_1_252' title='bbox 438 3141 470 3203; x_wconf 92' lang='lat' dir='ltr'>p.</span> <span class='ocrx_word' id='word_1_253' title='bbox 481 3137 563 3204; x_wconf 83' lang='lat'>355:</span> <span class='ocrx_word' id='word_1_254' title='bbox 587 3120 714 3183; x_wconf 79' lang='grc' dir='ltr'><strong><em>ἀπέτεινον</em></strong></span> <span class='ocrx_word' id='word_1_255' title='bbox 726 3125 773 3198; x_wconf 72' lang='grc' dir='ltr'><strong><em>τὴν</em></strong></span> <span class='ocrx_word' id='word_1_256' title='bbox 787 3127 862 3207; x_wconf 69' lang='grc' dir='ltr'><strong><em>ῥῆσιν</em></strong></span> <span class='ocrx_word' id='word_1_257' title='bbox 877 3124 924 3198; x_wconf 75' lang='grc' dir='ltr'><strong><em>τὴν</em></strong></span> <span class='ocrx_word' id='word_1_258' title='bbox 939 3127 1017 3184; x_wconf 83' lang='grc' dir='ltr'><strong><em>κοντοὶ</em></strong></span> <span class='ocrx_word' id='word_1_259' title='bbox 1030 3133 1093 3188; x_wconf 82' lang='grc' dir='ltr'><strong><em>τῶν</em></strong></span> <span class='ocrx_word' id='word_1_260' title='bbox 1114 3148 1204 3208; x_wconf 62' lang='lat' dir='ltr'>cop..</span> 
     </span>
     <span class='ocr_line' id='line_1_29' title="bbox 143 3219 1203 3311; baseline 0.012 -29"><span class='ocrx_word' id='word_1_261' title='bbox 143 3229 208 3292; x_wconf 76' lang='grc' dir='ltr'><strong><em>τῶν.</em></strong></span> <span class='ocrx_word' id='word_1_262' title='bbox 246 3220 393 3303; x_wconf 72' lang='lat' dir='ltr'>Denique</span> <span class='ocrx_word' id='word_1_263' title='bbox 413 3219 445 3282; x_wconf 90' lang='lat' dir='ltr'>in</span> <span class='ocrx_word' id='word_1_264' title='bbox 460 3229 514 3282; x_wconf 80' lang='grc' dir='ltr'><strong><em>τῶν</em></strong></span> <span class='ocrx_word' id='word_1_265' title='bbox 533 3220 656 3284; x_wconf 71' lang='grc' dir='ltr'><strong><em>τοτέτων</em></strong></span> <span class='ocrx_word' id='word_1_266' title='bbox 675 3221 955 3284; x_wconf 85' lang='lat' dir='ltr'>animadvertenda</span> <span class='ocrx_word' id='word_1_267' title='bbox 976 3222 1025 3286; x_wconf 91' lang='lat' dir='ltr'>vis</span> <span class='ocrx_word' id='word_1_268' title='bbox 1048 3228 1203 3311; x_wconf 83' lang='lat' dir='ltr'>articuli,</span> 
     </span>
     <span class='ocr_line' id='line_1_30' title="bbox 142 3321 1205 3414; baseline 0.005 -30"><span class='ocrx_word' id='word_1_269' title='bbox 142 3347 179 3385; x_wconf 76' lang='lat' dir='ltr'>ex</span> <span class='ocrx_word' id='word_1_270' title='bbox 192 3323 237 3384; x_wconf 77' lang='lat' dir='ltr'>to&#39;s</span> <span class='ocrx_word' id='word_1_271' title='bbox 253 3335 313 3384; x_wconf 86' lang='lat' dir='ltr'>tam</span> <span class='ocrx_word' id='word_1_272' title='bbox 329 3321 441 3383; x_wconf 83' lang='lat' dir='ltr'>maltis.</span> <span class='ocrx_word' id='word_1_273' title='bbox 484 3322 536 3385; x_wconf 85' lang='lat' dir='ltr'>Sic</span> <span class='ocrx_word' id='word_1_274' title='bbox 551 3323 619 3386; x_wconf 86' lang='lat' dir='ltr'>Vit.</span> <span class='ocrx_word' id='word_1_275' title='bbox 636 3322 774 3386; x_wconf 81' lang='lat' dir='ltr'>Gracch.</span> <span class='ocrx_word' id='word_1_276' title='bbox 799 3345 832 3409; x_wconf 91' lang='lat' dir='ltr'>p.</span> <span class='ocrx_word' id='word_1_277' title='bbox 849 3325 922 3407; x_wconf 83' lang='lat'><strong>837.</strong></span> <span class='ocrx_word' id='word_1_278' title='bbox 936 3326 992 3388; x_wconf 86' lang='lat' dir='ltr'>D:</span> <span class='ocrx_word' id='word_1_279' title='bbox 1017 3331 1101 3414; x_wconf 56' lang='grc' dir='ltr'>πρὸς</span> <span class='ocrx_word' id='word_1_280' title='bbox 1115 3337 1205 3413; x_wconf 59' lang='grc' dir='ltr'><em>μηδὲ,</em></span> 
     </span>
     <span class='ocr_line' id='line_1_31' title="bbox 143 3421 1202 3517; baseline 0.009 -32"><span class='ocrx_word' id='word_1_281' title='bbox 143 3423 339 3506; x_wconf 68' lang='grc' dir='ltr'>ἀποτρυόμενος</span> <span class='ocrx_word' id='word_1_282' title='bbox 357 3431 410 3485; x_wconf 76' lang='grc' dir='ltr'><strong><em>τῶν</em></strong></span> <span class='ocrx_word' id='word_1_283' title='bbox 424 3421 549 3485; x_wconf 65' lang='lat' dir='ltr'>vocarat</span> <span class='ocrx_word' id='word_1_284' title='bbox 563 3422 609 3502; x_wconf 70' lang='lat' dir='ltr'>aad</span> <span class='ocrx_word' id='word_1_285' title='bbox 622 3424 799 3502; x_wconf 73' lang='grc' dir='ltr'><strong><em>τηλικούτων,</em></strong></span> <span class='ocrx_word' id='word_1_286' title='bbox 814 3424 845 3486; x_wconf 82' lang='lat' dir='ltr'>in</span> <span class='ocrx_word' id='word_1_287' title='bbox 860 3422 942 3517; x_wconf 60' lang='lat' dir='ltr'>nullo</span> <span class='ocrx_word' id='word_1_288' title='bbox 958 3436 1001 3488; x_wconf 86' lang='lat' dir='ltr'>tot</span> <span class='ocrx_word' id='word_1_289' title='bbox 1016 3440 1202 3496; x_wconf 76' lang='lat' dir='ltr'>tantorum·</span> 
     </span>
     <span class='ocr_line' id='line_1_32' title="bbox 144 3525 1201 3620; baseline 0 -34"><span class='ocrx_word' id='word_1_290' title='bbox 144 3549 200 3611; x_wconf 84' lang='lat' dir='ltr'>qua</span> <span class='ocrx_word' id='word_1_291' title='bbox 215 3525 393 3608; x_wconf 77' lang='lat' dir='ltr'>negotiorum</span> <span class='ocrx_word' id='word_1_292' title='bbox 408 3525 607 3609; x_wconf 77' lang='lat' dir='ltr'>defatigatur.</span> <span class='ocrx_word' id='word_1_293' title='bbox 631 3525 715 3588; x_wconf 84' lang='lat' dir='ltr'>Adv.</span> <span class='ocrx_word' id='word_1_294' title='bbox 731 3526 832 3589; x_wconf 82' lang='lat' dir='ltr'>StOIc.</span> <span class='ocrx_word' id='word_1_295' title='bbox 847 3545 878 3610; x_wconf 93' lang='lat' dir='ltr'>p.</span> <span class='ocrx_word' id='word_1_296' title='bbox 895 3543 988 3609; x_wconf 84' lang='lat'><strong>1075.</strong></span> <span class='ocrx_word' id='word_1_297' title='bbox 1005 3529 1060 3593; x_wconf 85' lang='lat' dir='ltr'>A:</span> <span class='ocrx_word' id='word_1_298' title='bbox 1089 3537 1201 3620; x_wconf 62' lang='grc' dir='ltr'><strong>Χρύσ.</strong></span> 
     </span>
     <span class='ocr_line' id='line_1_33' title="bbox 143 3625 1201 3716; baseline 0.005 -28"><span class='ocrx_word' id='word_1_299' title='bbox 143 3651 222 3698; x_wconf 65' lang='lat' dir='ltr'>taarog</span> <span class='ocrx_word' id='word_1_300' title='bbox 244 3625 291 3685; x_wconf 69' lang='grc' dir='ltr'>καὶ</span> <span class='ocrx_word' id='word_1_301' title='bbox 316 3625 585 3702; x_wconf 54' lang='lat' dir='ltr'>Karandas-altra</span> <span class='ocrx_word' id='word_1_302' title='bbox 609 3634 662 3688; x_wconf 84' lang='grc' dir='ltr'><strong><em>τῶν</em></strong></span> <span class='ocrx_word' id='word_1_303' title='bbox 684 3627 819 3689; x_wconf 77' lang='grc' dir='ltr'><strong><em>τοσούτων</em></strong></span> <span class='ocrx_word' id='word_1_304' title='bbox 845 3630 938 3708; x_wconf 71' lang='grc' dir='ltr'>(θεῶν)</span> <span class='ocrx_word' id='word_1_305' title='bbox 970 3625 1128 3716; x_wconf 64' lang='grc' dir='ltr'><strong><em>ἄφθαρτον</em></strong></span> <span class='ocrx_word' id='word_1_306' title='bbox 1153 3640 1201 3700; x_wconf 70' lang='grc' dir='ltr'>ἐδὶ</span> 
     </span>
     <span class='ocr_line' id='line_1_34' title="bbox 143 3725 1201 3822; baseline 0 -32"><span class='ocrx_word' id='word_1_307' title='bbox 143 3727 227 3790; x_wconf 78' lang='grc' dir='ltr'><strong><em>ἀΐδιον</em></strong></span> <span class='ocrx_word' id='word_1_308' title='bbox 242 3725 457 3788; x_wconf 71' lang='grc' dir='ltr'>ἀπολελοίπασι.</span> <span class='ocrx_word' id='word_1_309' title='bbox 492 3725 613 3789; x_wconf 77' lang='lat' dir='ltr'>Eadem</span> <span class='ocrx_word' id='word_1_310' title='bbox 628 3726 708 3790; x_wconf 80' lang='lat' dir='ltr'>ratio</span> <span class='ocrx_word' id='word_1_311' title='bbox 721 3726 805 3790; x_wconf 82' lang='lat' dir='ltr'>valet</span> <span class='ocrx_word' id='word_1_312' title='bbox 819 3727 850 3790; x_wconf 88' lang='lat' dir='ltr'>in</span> <span class='ocrx_word' id='word_1_313' title='bbox 866 3735 1027 3804; x_wconf 78' lang='grc' dir='ltr'><strong><em>τηλικοῦτος</em></strong></span> <span class='ocrx_word' id='word_1_314' title='bbox 1033 3755 1044 3809; x_wconf 82' lang='lat'>3</span> <span class='ocrx_word' id='word_1_315' title='bbox 1069 3731 1118 3798; x_wconf 82' lang='lat' dir='ltr'>de</span> <span class='ocrx_word' id='word_1_316' title='bbox 1129 3757 1201 3822; x_wconf 80' lang='lat' dir='ltr'>quo</span> 
     </span>
     <span class='ocr_line' id='line_1_35' title="bbox 143 3827 388 3892; baseline -0.008 0"><span class='ocrx_word' id='word_1_317' title='bbox 143 3828 218 3892; x_wconf 86' lang='lat' dir='ltr'>alibi</span> <span class='ocrx_word' id='word_1_318' title='bbox 233 3827 388 3890; x_wconf 66' lang='lat' dir='ltr'>diccmuu</span> 
     </span>
    </p>

    <p class='ocr_par' dir='ltr' id='par_1_3' title="bbox 142 3927 1202 4323">
     <span class='ocr_line' id='line_1_36' title="bbox 186 3927 1202 4015; baseline 0.012 -21"><span class='ocrx_word' id='word_1_319' title='bbox 186 3933 240 3994; x_wconf 89' lang='lat'>60.</span> <span class='ocrx_word' id='word_1_320' title='bbox 255 3931 294 3993; x_wconf 90' lang='lat' dir='ltr'>B.</span> <span class='ocrx_word' id='word_1_321' title='bbox 317 3928 405 4013; x_wconf 73' lang='grc' dir='ltr'><strong><em>’λγις</em></strong></span> <span class='ocrx_word' id='word_1_322' title='bbox 428 3935 440 3990; x_wconf 84' lang='grc' dir='ltr'><strong>ὁ</strong></span> <span class='ocrx_word' id='word_1_323' title='bbox 462 3931 601 4015; x_wconf 65' lang='grc' dir='ltr'>Ἀργεῖος]</span> <span class='ocrx_word' id='word_1_324' title='bbox 631 3931 726 3993; x_wconf 89' lang='lat' dir='ltr'>Unus</span> <span class='ocrx_word' id='word_1_325' title='bbox 750 3951 788 3992; x_wconf 84' lang='lat' dir='ltr'>ex</span> <span class='ocrx_word' id='word_1_326' title='bbox 809 3927 984 3993; x_wconf 79' lang='lat' dir='ltr'>Alexandri</span> <span class='ocrx_word' id='word_1_327' title='bbox 1005 3931 1202 4005; x_wconf 86' lang='lat' dir='ltr'>adulatori·</span> 
     </span>
     <span class='ocr_line' id='line_1_37' title="bbox 142 4029 1200 4113; baseline -0.005 -17"><span class='ocrx_word' id='word_1_328' title='bbox 142 4031 220 4096; x_wconf 88' lang='lat' dir='ltr'>bus:</span> <span class='ocrx_word' id='word_1_329' title='bbox 245 4046 440 4094; x_wconf 87' lang='lat' dir='ltr'>memoratus</span> <span class='ocrx_word' id='word_1_330' title='bbox 460 4029 574 4093; x_wconf 82' lang='lat' dir='ltr'>Curtio</span> <span class='ocrx_word' id='word_1_331' title='bbox 590 4031 685 4093; x_wconf 76' lang='lat' dir='ltr'>vlu.</span> <span class='ocrx_word' id='word_1_332' title='bbox 707 4045 740 4113; x_wconf 85' lang='lat'>5.</span> <span class='ocrx_word' id='word_1_333' title='bbox 757 4032 796 4094; x_wconf 91' lang='lat'>6:</span> <span class='ocrx_word' id='word_1_334' title='bbox 822 4029 889 4093; x_wconf 79' lang='lat' dir='ltr'>Non</span> <span class='ocrx_word' id='word_1_335' title='bbox 901 4031 1005 4093; x_wconf 74' lang='lat' dir='ltr'>decrat</span> <span class='ocrx_word' id='word_1_336' title='bbox 1021 4034 1108 4100; x_wconf 83' lang='lat' dir='ltr'>tolia</span> <span class='ocrx_word' id='word_1_337' title='bbox 1125 4066 1200 4105; x_wconf 80' lang='lat' dir='ltr'>con.</span> 
     </span>
     <span class='ocr_line' id='line_1_38' title="bbox 142 4130 1201 4228; baseline -0.002 -34"><span class='ocrx_word' id='word_1_338' title='bbox 142 4133 297 4218; x_wconf 84' lang='lat' dir='ltr'>cupisocati</span> <span class='ocrx_word' id='word_1_339' title='bbox 315 4132 478 4219; x_wconf 63' lang='lat' dir='ltr'>pernicirffa</span> <span class='ocrx_word' id='word_1_340' title='bbox 494 4130 642 4208; x_wconf 79' lang='lat' dir='ltr'>adulatio,</span> <span class='ocrx_word' id='word_1_341' title='bbox 661 4146 835 4218; x_wconf 77' lang='lat' dir='ltr'>perpetuam</span> <span class='ocrx_word' id='word_1_342' title='bbox 851 4130 962 4193; x_wconf 82' lang='lat' dir='ltr'>molum</span> <span class='ocrx_word' id='word_1_343' title='bbox 977 4157 1102 4221; x_wconf 71' lang='lat' dir='ltr'>regam,</span> <span class='ocrx_word' id='word_1_344' title='bbox 1120 4166 1201 4228; x_wconf 80' lang='lat' dir='ltr'>qua·</span> 
     </span>
     <span class='ocr_line' id='line_1_39' title="bbox 142 4224 1202 4323; baseline -0.001 -25"><span class='ocrx_word' id='word_1_345' title='bbox 142 4252 287 4323; x_wconf 79' lang='lat' dir='ltr'>ramopcs</span> <span class='ocrx_word' id='word_1_346' title='bbox 295 4235 413 4321; x_wconf 68' lang='lat' dir='ltr'>sapias</span> <span class='ocrx_word' id='word_1_347' title='bbox 426 4233 602 4320; x_wconf 73' lang='lat' dir='ltr'>adflatatia,</span> <span class='ocrx_word' id='word_1_348' title='bbox 626 4257 715 4321; x_wconf 82' lang='lat' dir='ltr'>qaam</span> <span class='ocrx_word' id='word_1_349' title='bbox 736 4231 834 4321; x_wconf 64' lang='lat' dir='ltr'>bostis,</span> <span class='ocrx_word' id='word_1_350' title='bbox 855 4233 976 4298; x_wconf 70' lang='lat' dir='ltr'>evertit.</span> <span class='ocrx_word' id='word_1_351' title='bbox 1022 4234 1092 4302; x_wconf 80' lang='lat' dir='ltr'>Nec</span> <span class='ocrx_word' id='word_1_352' title='bbox 1112 4224 1202 4308; x_wconf 69' lang='lat' dir='ltr'>Ma.</span> 
     </span>
    </p>
   </div>
   <div class='ocr_carea' id='block_1_3' title="bbox 0 0 1348 4762">
    <p class='ocr_par' dir='ltr' id='par_1_4' title="bbox 0 0 1348 4762">
     <span class='ocr_line' id='line_1_40' title="bbox 0 0 1348 4762; baseline 0 0"><span class='ocrx_word' id='word_1_353' title='bbox 0 0 1348 4762; x_wconf 95' lang='lat' dir='ltr'> </span> 
     </span>
    </p>
   </div>
  </div>
 </body>
</html>
