2684 4762
277 324 334 391 DF.
347 329 479 391 uteru
493 328 697 390 AUDIENDI
711 327 903 392 RATIONE.
914 329 1043 408 patu.
1116 336 1177 391 888

147 493 248 576 priua
266 492 404 582 τρέτεθαι
420 494 604 581 πρὸς-ἀλκήν.
642 493 680 559 In
703 492 856 582 mysteriis
877 492 1036 581 ignoratio
1058 491 1178 557 caussa·

150 611 221 658 tum
248 596 324 661 facit
346 593 476 677 tauto:
508 594 665 661 Cicerone
692 617 726 681 p.
745 598 819 678 871.
840 597 895 660 Dr
928 595 981 659 De
1006 592 1181 659 Sentiendo

150 697 298 762 Profeiiu
316 697 401 762 Virt.
423 718 456 784 p.
471 697 523 761 81.
538 700 584 762 E:
608 709 640 762 et
660 697 791 763 subinde
814 698 915 762 utitur
930 694 1096 774 vocabulo,
1118 693 1179 759 Vr-
1305 710 1310 721 ’

148 811 254 862 tarum
270 816 394 884 p.·414.
409 799 454 863 D.
479 800 554 879 462.
569 797 614 863 A.
641 812 717 883 532.
732 799 780 862 E.
792 799 868 882 580.
884 799 919 862 F.
948 813 1023 880 710.
1038 797 1082 861 A.
1105 812 1180 881 723.
1218 787 1220 792 ’
1260 808 1264 814 ’

152 897 192 963 C.
218 915 292 983 724.
307 900 353 964 D.
375 914 450 982 754.
464 897 504 962 B.
528 898 601 985 898.
617 899 657 965 C.
680 901 813 985 991.A.
858 897 921 964 Sed
945 911 979 963 et
1003 895 1183 963 Democriti

151 1014 285 1088 apparet
304 1000 488 1079 auetoritae,
503 1001 559 1087 qui
573 1001 732 1066 summum
746 1002 869 1066 bonum
884 999 961 1065 fecit
975 998 1127 1083 ἇθαμὸίην,
1144 1012 1183 1064 ut

150 1105 250 1168 refert
269 1101 420 1167 Clemens
434 1100 607 1166 Alexandr.
629 1101 750 1166 Stro’m.
765 1103 810 1166 11.
830 1123 862 1188 p.
877 1118 953 1186 417.
968 1102 1008 1165 B.
1032 1114 1066 1167 et
1089 1101 1184 1189 ipsius

151 1201 274 1267 dictum
296 1203 393 1268 exstat
414 1225 466 1289 ap.
488 1204 652 1268 stobaeum
675 1206 778 1269 Serm.
794 1205 857 1269 111.
881 1224 914 1290 p.
929 1205 984 1290 38.
997 1217 1032 1269 et
1046 1205 1092 1267 H.
1108 1204 1182 1268 Ste-

152 1305 296 1390 phanum
320 1305 404 1370 Poefi
426 1305 541 1371 Philos.
564 1307 696 1391 p.1622
719 1303 807 1388 Σοφίη
829 1304 957 1389 diuitias
973 1304 1036 1384 ἀξίη
1054 1305 1183 1385 πάντων,

150 1406 304 1488 τιμιωτάτη
325 1406 396 1494 γάρ.
432 1407 530 1471 Porro
548 1408 581 1469 τδ
600 1407 651 1488 μὶν
666 1409 697 1484 ἐξ
715 1405 970 1493 ἀπορίας-ἐξαίρει
992 1405 1183 1470 mutandum

147 1504 185 1568 t’n
206 1507 238 1568 τδ
259 1506 317 1587 μὶν
332 1503 607 1593 ἀπειρίας-ἐξαιρεῖ.
645 1505 731 1571 Illud
754 1507 919 1593 proprium
941 1507 1002 1571 effe
1025 1507 1087 1571 hac
1102 1507 1134 1570 in
1150 1529 1184 1571 re

151 1606 287 1671 ostendit
309 1628 385 1670 cum
404 1607 495 1672 locus
518 1606 571 1671 ille
597 1606 673 1671 huic
698 1609 859 1695 geminus,
883 1607 982 1673 modo
1006 1608 1122 1673 allatus
1144 1627 1185 1672 ex

152 1707 231 1772 Vita
253 1705 379 1771 Periclis
400 1728 434 1794 p.
453 1726 525 1792 154.
543 1709 582 1771 E.
605 1719 677 1773 tum
697 1729 748 1773 res
768 1708 834 1795 ipsa
852 1709 969 1773 evincit
987 1706 1096 1792 θάμίος
1109 1706 1186 1774 oriri

151 1831 217 1877 non
233 1807 314 1873 adeo
328 1812 358 1887 ἐξ
369 1809 495 1896 ἀπορίας,
510 1809 705 1890 dubitatione,
719 1832 815 1897 quam
828 1814 860 1889 ἐξ
871 1810 1004 1898 ἀπειρίας,
1019 1811 1185 1900 imperitia,

152 1910 291 1997 denique
314 1910 476 1976 Plutarchi
498 1909 695 1976 consuetudo
717 1910 839 1999 ἂταρίαν
860 1925 893 1977 et
911 1911 1025 1998 ἄγνοιαν
1046 1913 1185 2001 conjun-

154 2033 231 2099 gere
246 2011 349 2078 soliti:
373 2011 458 2077 Adv.
473 2013 602 2100 Epicur.
617 2034 652 2100 p.
667 2033 760 2100 1094.
777 2014 828 2079 C:
852 2013 1016 2098 ἇμολιίμενα
1028 2017 1059 2078 δι’
1073 2014 1189 2101 ἄγνοιαν

155 2114 177 2199 οὲ
200 2113 333 2201 ἂτιιρίαι.
367 2113 420 2180 De
438 2115 561 2179 Musica
580 2136 614 2202 p.
632 2115 726 2200 1038.
742 2115 791 2181 C:
815 2117 941 2180 Πλάτων
956 2115 1004 2181 ἔτι
1016 2118 1117 2203 ἀγνοίᾳ
1138 2116 1187 2182 ἔτι

154 2215 262 2303 ἀπορίᾳ
281 2222 320 2281 τοὶ
340 2215 420 2280 ἄλλα
441 2217 639 2304 παρῃτήσατο.
683 2217 808 2283 Catone
829 2217 915 2282 Min.
937 2240 970 2307 p.
984 2221 1059 2303 766.
1081 2221 1120 2285 B.
1145 2219 1188 2285 de

155 2318 263 2385 scribis
289 2320 403 2399 aerarii,
425 2320 484 2395 νίας
507 2318 647 2408 ἄρχοντας
669 2317 941 2409 οταςαλαμὸοίνοντος
966 2324 997 2384 δι’
1022 2323 1187 2411 inopiam}

154 2418 269 2506 ἄγνοιαν
282 2425 407 2508 ἀτεχνῶς
421 2422 594 2484 διδασκάλων
609 2421 704 2510 ἑτέρων
717 2423 739 2508 ᾖ
752 2424 949 2507 παιδαγωγῶν
962 2423 1097 2506 διομίνιις.
1119 2429 1186 2489 Ar·

155 2536 283 2587 taxerxe
304 2519 505 2608 p.1<'225.l·*2
528 2524 559 2584 δι’
578 2522 701 2608 ἇτιιρίοιν
721 2530 776 2587 τῶν
796 2531 890 2587 καλῶν
910 2524 932 2610 οὲ
953 2522 1078 2610 ἄγνοιαι.
1113 2527 1188 2591 Jam

157 2624 281 2691 infinita
301 2638 336 2690 et
356 2623 594 2690 innumerabilia
616 2626 660 2689 est
679 2625 820 2691 confuso
833 2625 1002 2692 verborum
1022 2627 1135 2715 ἐξαίρειν
1153 2641 1189 2695 et

156 2729 279 2814 ἐξαιρεῖν,
301 2749 399 2813 quam
419 2726 588 2814 attigimus
612 2726 653 2791 ad
676 2728 904 2813 fragmentum
925 2726 1085 2816 adjectum
1106 2729 1190 2794 libro

147 2828 209 2891 'De
232 2831 308 2893 Sera
325 2831 428 2894 Num.
441 2827 540 2894 Vind.
563 2849 597 2913 p.
614 2847 686 2910 140.
708 2843 742 2894 et
764 2829 902 2915 Epistola
924 2828 1005 2895 Crit.
1029 2853 1063 2918 p.
1082 2851 1133 2896 10.
1154 2843 1191 2897 et

158 2926 221 2991 aiio
245 2927 318 2992 loco
339 2927 371 2991 in
393 2927 445 2992 hie
465 2926 798 2993 Animadversionibue
819 2929 947 2994 uberius
970 2933 1189 3001 tractabimus.

158 3027 234 3092 Hoc
255 3049 357 3090 unum
378 3048 465 3092 nunc
483 3026 638 3092 monuisse
652 3027 796 3108 sufficiat,
811 3028 898 3115 apud
917 3030 1046 3096 Atticos
1059 3033 1191 3119 quidem

159 3141 194 3193 et
207 3150 319 3194 omnes
337 3127 418 3195 adeo
438 3128 608 3216 diligenter
629 3127 811 3209 scribentes,
826 3129 938 3216 ἐξαίρειν
951 3130 1015 3196 dici
1028 3133 1084 3198 ubi
1098 3133 1192 3198 extol·

160 3230 254 3311 leudi,
268 3233 379 3318 ἐξαιρεῖν
391 3231 449 3297 ubi
461 3231 606 3311 demendi,
620 3232 766 3297 eximendi
780 3234 969 3299 notio-valet
974 3260 984 3316 3
1007 3235 1157 3322 siquidem
1172 3258 1193 3304 a

160 3333 327 3399 communi
348 3332 471 3422 origine
490 3333 576 3399 verbi
596 3333 667 3422 ἄρα,
689 3346 770 3421 apto,
790 3336 833 3400 est
850 3334 930 3424 αίρα,
950 3335 1030 3417 tolla,
1047 3350 1081 3402 et
1096 3336 1192 3427 αίρία,

161 3434 259 3522 capio,
268 3435 367 3520 sumo.
411 3432 561 3520 Denique
579 3436 612 3499 τὸ
625 3434 705 3520 μίγα
717 3434 882 3522 displicet,
905 3457 980 3501 nam
1001 3437 1194 3525 magnitudo

162 3551 197 3602 et
219 3536 380 3602 exceistaa
401 3535 513 3616 animi,
534 3556 607 3622 quae
627 3558 693 3600 una
705 3536 796 3602 notio
808 3536 842 3602 iu
858 3536 946 3602 hunc
959 3537 1068 3605 locum
1081 3540 1194 3607 cadere

160 3637 265 3723 poffir,
281 3638 399 3704 abhoc
413 3659 498 3703 nexu
511 3637 681 3721 'abhorret3
704 3639 908 3727 quippe'quae
927 3640 1036 3727 potiue
1058 3664 1134 3708 cum
1152 3648 1195 3732 τῷ

164 3746 340 3829 καταφρονεῖν
364 3753 399 3806 et
417 3746 458 3827 τῷ
481 3747 583 3827 σεμνῷ,
608 3762 705 3829 quam
726 3763 800 3807 cum
819 3742 924 3830 οὔκίλορ
945 3757 979 3809 et
998 3747 1195 3834 φιλανδρῶτφ,

162 3841 336 3928 conjuncta
354 3842 409 3908 esi.
455 3842 559 3930 igitur
572 3842 621 3908 vel
637 3843 741 3926 είρενδς
755 3843 1003 3910 substituendum
1017 3848 1194 3928 censemus,

164 3943 214 4009 vel
229 3958 331 4009 totam
349 3945 433 4011 hane
455 3959 578 4033 partem
595 3947 641 4012 ita
656 3948 885 4035 refingendam,
899 3951 932 4014 τδ
950 3948 1059 4015 εὔκολον
1070 3955 1145 4034 perri
1156 3955 1195 4014 τῦ

162 4045 362 4132 pampinat
384 4066 449 4111 non
463 4046 594 4135 quidem
607 4060 646 4113 ut
659 4046 844 4114 alterutram
862 4049 946 4115 hanc
959 4051 1104 4116 nostram
1121 4073 1195 4117 cor-

147 4167 149 4170 ·
164 4145 339 4212 reiiionem
354 4146 447 4217 unice
461 4170 566 4214 veram
580 4148 840 4235 pronunciemus,
853 4152 905 4219 scd
920 4164 960 4218 ut
971 4151 1111 4242 vulgate
1119 4154 1195 4244 qui-
1330 4243 1332 4246 Ι

164 4247 242 4314 dem
255 4246 387 4316 leiiioni
400 4249 629 4338 preferendam
638 4249 835 4340 judicemur.
