2684 4762
176 814 516 910 nantonis
558 790 1164 912 turriannaoffli‘
1228 938 1230 943 .
1316 818 1321 827 ’

355 1135 964 1218 ANIMADVERSIONES

276 1442 347 1538 IN
381 1441 758 1538 PLUTARCHI
794 1442 1045 1541 LIBRUM

361 1765 433 1843 DE
458 1767 746 1840 AUDIENDIS
772 1768 963 1842 POETIS.

575 2061 755 2094 ⁴*—

149 2252 206 2364 P.
221 2319 272 2381 14.
288 2300 331 2363 D.
354 2297 445 2365 naz
460 2302 529 2359 am
544 2299 630 2360 rou
644 2301 760 2359 naon
775 2297 1178 2360 nominaronaaor-

152 2403 238 2486 ElN]
265 2402 353 2465 Citat
368 2399 499 2465 Photius
515 2398 598 2463 Cod.
616 2400 733 2463 CLXI.
757 2421 789 2485 p.
802 2419 877 2484 341.
893 2421 932 2463 ex
945 2398 1071 2485 Sopatri
1084 2397 1180 2463 Folo·

147 2504 215 2591 gis,
236 2503 269 2567 in
289 2504 405 2589 quibus
427 2503 558 2565 fuerunt
580 2505 737 2587 Excerpta
753 2506 784 2565 ἐκ
804 2511 859 2566 τῶν
877 2503 1044 2589 Πλεπάρχν
1061 2494 1129 2590 περὶ
1145 2503 1182 2564 τέ

149 2613 208 2678 πῶς
231 2606 267 2667 δεῖ
288 2607 334 2667 τὸν
350 2604 404 2667 νὲον
425 2602 518 2667 ἇκιὶοιν
538 2604 705 2685 ποιημάτων.
741 2603 878 2667 Videtur
895 2603 991 2668 etiam
1011 2603 1184 2690 significare

154 2701 243 2769 hunc
265 2704 382 2768 librum
406 2706 531 2769 Servius
553 2705 594 2769 ad
615 2706 743 2792 Virgilii
763 2707 840 2770 AEn.
857 2708 919 2770 lll.
941 2725 998 2787 14:
1030 2706 1102 2770 Fuit
1119 2704 1183 2789 Ly-

152 2827 272 2891 curgus,
288 2808 428 2871 Thracia
442 2833 506 2888 rex,
516 2808 608 2894 filius
625 2810 791 2896 Dryantis.-
814 2811 876 2897 qui,
892 2811 973 2897 quod
985 2811 1112 2874 Thraces
1126 2808 1182 2871 im-

152 2905 300 2970 moderate
314 2907 385 2970 vino
400 2909 510 2971 deditos
524 2909 703 2996 conspiceret,
717 2910 793 2973 vites
807 2934 901 2973 omncs
916 2923 973 2974 toto
988 2923 1077 2996 regno
1091 2907 1187 2972 excidi

143 3007 245 3096 jufflt,
260 3022 294 3072 ut
303 3011 412 3096 scribit
427 3011 607 3074 Plutarchus
625 3034 655 3074 eo
673 3011 704 3073 ι’νι
720 3011 861 3097 opusculo,
877 3010 955 3098 quod
975 3012 1011 3073 dc
1028 3013 1187 3075 Poetarum

153 3108 287 3173 utilitate
308 3111 486 3200 conscripfit:
509 3109 672 3197 siquidem
695 3111 792 3176 Servii
812 3111 882 3175 haec
900 3113 943 3175 est
960 3109 1138 3187 annotatio,
1152 3121 1187 3173 et

156 3215 296 3300 pertinet
308 3215 349 3279 ad
364 3215 561 3280 mentionem
575 3214 716 3301 Lycurgi
731 3236 749 3277 a
762 3213 932 3278 Plutarcho
946 3213 1062 3278 factam
1075 3212 1108 3276 in
1124 3210 1189 3275 hoc
1306 3258 1309 3265 .

157 3317 241 3381 libro
262 3337 294 3402 p.
312 3331 361 3401 15.
381 3318 425 3397 D,
439 3319 477 3379 Ε.
522 3315 609 3379 Hinc
631 3315 709 3380 item
732 3327 879 3398 excerpta
900 3313 1006 3399 posuit
1026 3311 1190 3378 Macarius

151 3416 441 3504 Chrysocephalus
456 3416 488 3480 in
504 3414 671 3480 Rhodonia
692 3415 777 3500 apud
795 3413 1005 3480 Villoisonum
1027 3413 1059 3478 in
1078 3413 1189 3477 Anec·
1289 3469 1293 3477 .

153 3518 247 3584 dotis
263 3520 320 3584 Gr.
334 3521 373 3583 T.
390 3521 434 3582 ll.
455 3539 487 3604 p.
506 3537 564 3581 10:
589 3521 620 3580 ἐκ
637 3525 690 3580 τῶν
708 3523 809 3595 ὖρικῶν
824 3521 861 3579 τῦ
882 3516 1125 3603 Πλιιπᾶρχν-ἔκ
1141 3520 1191 3577 τοῦ

157 3631 216 3696 ποῖος
230 3624 265 3685 δεῖ
278 3625 323 3685 πόν
338 3622 392 3685 νέον
405 3621 561 3702 ποιημάτων
574 3619 688 3682 ἀκούειν.
710 3619 798 3682 Nam
813 3617 845 3683 ln
859 3618 1016 3704 Iampriae
1032 3615 1191 3702 Catalogo

153 3723 265 3787 Num.
281 3723 339 3787 CI.
352 3769 360 3785 .
373 3769 380 3785 .
395 3771 402 3785 .
416 3769 424 3786 .
443 3722 510 3808 post
524 3720 671 3785 lacunam
685 3719 804 3806 legitur
817 3719 932 3798 ἀκούειν,
946 3741 1043 3805 quam
1058 3717 1190 3803 scriptu·

157 3849 232 3892 ram
255 3826 354 3890 talem
374 3825 462 3890 suillo
481 3825 639 3912 integram
660 3831 716 3899 πῶς
741 3826 777 3886 δεῖ
797 3825 953 3905 ποιημάτων
973 3823 1089 3900 ἀκούειν,
1111 3841 1190 3883 οοιι·

156 3923 285 4012 jectum
305 3925 349 3988 est
371 3925 464 4010 primi
487 3924 615 3988 editoris
639 3924 697 3987 five
719 3945 802 4001 vcra,
825 3922 883 3986 five
906 3920 999 3985 falsa:
1031 3928 1069 3984 et'
1089 3920 1192 3982 Num.

163 4022 320 4092 CCVlll.
335 4027 394 4111 περὶ
407 4025 574 4106 ποιημάτων,
589 4022 636 4088 vel
651 4031 777 4101 ποιητῶν,
793 4021 835 4096 τίς
853 4030 869 4100 ἡ
886 4025 975 4084 αὐτῶν
989 4018 1139 4102 ἐπιμέλεια,
1154 4018 1195 4082 ab

164 4129 228 4191 hoo
247 4127 407 4210 superstite
428 4126 510 4190 libro
530 4124 608 4189 liber
622 4124 759 4189 diversus
774 4124 862 4188 fuille
876 4122 1010 4200 videtur,
1023 4133 1057 4185 et
1070 4119 1195 4185 fortasse

164 4225 231 4310 ipse
251 4222 366 4288 titulus
381 4244 421 4288 ex
433 4223 557 4290 duobus
571 4224 709 4303 duorum
727 4223 827 4291 titulis
848 4222 1003 4287 librorum
1013 4221 1194 4301 conflatum
