2684 4762
150 423 210 477 ³24
249 488 253 496 1
294 415 333 477 D.
343 416 396 476 W.
415 415 622 476 ANIMADV.
641 415 689 475 IN
709 413 938 475 PLUTARCHI
959 411 1038 472 1111.

149 577 343 666 reliquiorum
357 579 487 642 animale
505 578 677 644 carentium.
714 581 764 643 lta
777 576 914 658 ὑπηνέμιος
933 573 1016 662 ὀχεία
1030 582 1194 661 conceptus

149 693 274 744 evento
295 679 495 768 intelligitur,
520 681 605 745 unde
629 680 730 744 oritur
756 702 851 744 ovum
877 677 1028 759 ὑπηνέμιον,
1055 696 1192 754 vanua,

149 784 309 868 ocntcffum,
332 783 462 862 urinum,
485 782 613 847 irritum.
650 785 753 847 Varro
774 784 825 847 De
847 784 891 847 Re
907 779 993 846 Rus.
1008 780 1056 842 11.
1077 797 1190 863 1.19=

150 885 332 969 -qrcaedam
346 896 460 947 comto
474 881 636 970 concipiunt
651 895 725 946 cerlo
739 895 861 970 omporc
876 903 977 968 equa:
997 890 1031 943 ut
1047 879 1100 942 hic
1110 875 1190 964 gol·

151 983 225 1048 lime
240 1008 352 1073 quoquc
361 985 471 1071 solent,
487 1008 612 1072 quarum
626 1008 683 1048 ova
698 983 828 1066 ὑπηνέμια
842 981 1008 1070 appellant.
1039 977 1190 1044 Vrdendi

150 1085 236 1164 sunt,
259 1109 340 1172 quos
361 1083 508 1150 adhunc
530 1086 638 1150 locum
657 1084 766 1148 laudat
783 1087 813 1149 J.
831 1083 1007 1148 Pontedera
1027 1095 1063 1146 et
1084 1083 1118 1147 J.
1133 1081 1187 1145 M.

152 1186 323 1265 Gesnerus,
346 1186 379 1249 in
401 1185 511 1270 primis
533 1189 571 1250 L.
589 1184 766 1250 Delacerda
787 1184 828 1248 ad
847 1183 961 1270 virgil.
977 1185 1104 1266 Gcorg.
1121 1181 1186 1244 111.

152 1306 227 1375 273.
250 1311 314 1354 nou
337 1292 381 1354 Il.
398 1307 471 1375 273.
497 1305 534 1354 ut
556 1312 576 1353 a
599 1291 738 1354 Gesnero
761 1287 906 1366 citatum,
928 1299 962 1351 et
984 1284 1187 1349 Schneideno

151 1390 324 1475 repetitum
346 1389 400 1454 est.
446 1391 570 1454 Poterat
591 1389 644 1454 cui
669 1390 701 1452 in
727 1404 869 1452 mentem
891 1386 995 1451 venire
1018 1385 1187 1467 ὑπόλημμ,

152 1503 317 1578 conceptum
326 1492 440 1576 semen,
461 1504 495 1554 et
515 1488 647 1554 omnino
661 1489 866 1576 conceptionem
878 1488 976 1574 fortio
990 1486 1186 1573 intelligere,

152 1604 190 1654 ut
204 1591 429 1676 interpretibus
443 1590 564 1654 latinis
578 1605 611 1654 et
626 1591 670 1653 11.
683 1588 848 1675 Stephano
861 1589 953 1655 Thes.
966 1591 1003 1652 L.
1018 1590 1078 1651 Gr.
1087 1587 1128 1651 Τ.
1139 1587 1185 1651 11.

151 1712 186 1776 p.
200 1693 286 1775 582:
310 1684 359 1756 vel
381 1692 538 1778 corrigere
559 1691 717 1773 lcsncppa,
740 1714 760 1754 a
781 1693 876 1755 verbo
898 1690 984 1767 λε’νοοο,
999 1686 1088 1752 unde
1102 1687 1186 1751 ὑελί-

150 1818 219 1871 m,
237 1792 387 1856 excludere
405 1792 501 1880 pullos
515 1817 551 1855 ex
566 1793 650 1856 ovis:
673 1790 726 1856 sed
744 1805 894 1855 neutrum
916 1792 1014 1855 habet
1034 1788 1184 1853 idoneam

60 1958 61 1962 ,
107 1945 111 1951 .
140 1894 387 1974 ,ευὸὶοοὶῐοῐοιη,
409 1917 469 1959 nec
493 1894 680 1959 sententiam
706 1893 768 1959 loci
792 1893 898 1980 juvat.
940 1894 988 1958 At
1015 1907 1185 1979 receptum

57 2029 63 2049 s
92 2016 109 2041 ·'
153 1995 310 2078 ὑπόλειμμα
326 1996 424 2060 etiam
443 1996 648 2061 consmnatur
662 1994 752 2060 simili
766 1996 852 2060 dicio
872 1993 1047 2059 Aristotelis
1060 1996 1123 2059 Vl.
1138 2015 1161 2076 4
1174 2017 1184 2059 ο

152 2094 184 2157 rl
198 2095 225 2157 δὲ
239 2096 440 2177 ὑπολειπόμενον
453 2102 506 2159 τῶν
522 2097 579 2158 ὑῶν
593 2092 634 2157 oiri
649 2093 746 2182 οὑςονὺν
760 2097 812 2165 ἐςν.
847 2093 1010 2158 Caeterunr
1024 2092 1186 2174 Ὕπηνέμνος

152 2195 275 2259 Graecis
288 2216 471 2273 commune,
485 2198 637 2277 Ἀνεμνοῖος
651 2193 770 2258 Atticis
790 2194 965 2280 proprium,
981 2215 1039 2279 per
1054 2195 1184 2258 transsa-

153 2295 275 2361 tionem
298 2296 394 2360 etiam
415 2296 532 2360 dicitur
552 2296 592 2360 de
614 2295 868 2384 mente'ejusque
887 2295 1031 2361 astione:
1056 2296 1186 2382 quoda

154 2396 294 2461 Platonis
309 2399 398 2462 sonte
413 2398 445 2462 in
460 2398 625 2464 Theaeteto
639 2420 673 2483 p.
686 2400 757 2461 118.
769 2398 809 2463 C.
835 2416 906 2464 122.
919 2399 958 2462 B.
973 2397 1086 2463 multis
1100 2397 1184 2485 quasi

153 2496 261 2564 rivulis
281 2497 322 2563 ad
343 2500 374 2564 se
394 2499 594 2565 deduxerunt
612 2499 724 2584 posteri
742 2500 929 2586 scriptores:
953 2522 1033 2586 quos
1047 2523 1184 2566 enume-

135 2621 223 2664 rare
243 2599 378 2685 longum
397 2601 444 2664 srt.
479 2599 657 2665 Videantur
680 2601 799 2665 interea
822 2624 861 2666 ex
884 2600 1116 2666 recentioribus
1138 2600 1186 2680 hi,

153 2724 234 2786 quos
248 2699 445 2765 laudavimus
459 2701 499 2765 ad
514 2703 631 2788 Quaest.
649 2700 801 2766 Platonie.
819 2704 846 2765 l.
866 2723 899 2788 p.
916 2721 1009 2767 1000.
1026 2701 1068 2769 C.
1104 2702 1186 2766 Bib-

152 2800 302 2865 liothecae
317 2801 444 2865 Criticae
457 2801 532 2866 Vol.
544 2803 604 2865 Ill.
619 2803 701 2873 Part.
714 2804 740 2866 Ι.
755 2824 788 2889 p.
800 2819 851 2886 17.
876 2804 1024 2867 Kusterus
1037 2801 1079 2866 ad
1093 2802 1186 2875 Suid.

117 2900 137 2983 ⁴j
153 2924 224 2967 voc.
238 2901 361 2985 Ἀνέμθ
375 2918 408 2968 et
426 2903 597 2985 Ὕπηνὲμοαο
623 2906 816 2988 Interpretes
837 2904 878 2968 ad
897 2904 1016 2969 Thom.
1032 2905 1126 2990 Mag.
1154 2926 1188 2990 p.

130 3074 136 3087 .
153 3006 206 3068 68.
221 3018 254 3068 et
270 3004 432 3069 Piersonus
447 3003 487 3068 nd
506 3002 678 3067 Moeridem
691 3003 869 3067 Atticistam
889 3025 923 3089 p.
936 3019 988 3088 73.
1032 3003 1188 3089 Denique

132 3168 134 3173 ,
153 3128 218 3169 non
233 3105 276 3169 est
291 3103 490 3169 reticendum
504 3105 608 3183 rerba,
624 3126 696 3191 quae
711 3103 823 3169 Suidas
838 3104 870 3169 in
883 3104 1035 3187 Ὕπηνὲμνα
1048 3105 1188 3191 apponit

152 3207 215 3271 fine
230 3207 358 3271 nornine
373 3206 528 3271 austoris:
553 3206 660 3285 Γίνεταν
671 3211 729 3295 γὰρ
743 3210 817 3292 αὑτῷ
831 3210 949 3270 ἐντεῦθεν
962 3211 999 3270 τοὶ
1012 3207 1147 3288 ὑπηνέμια
1164 3208 1187 3294 »3

150 3309 289 3396 ciparello
310 3309 369 3370 ἀντὶ
389 3313 435 3383 τῆς
456 3312 575 3385 ἀληθοῦς
597 3308 737 3388 ἐτνςῆμης,
762 3308 813 3371 οἷον
836 3305 935 3371 εἴδωλα
959 3306 1024 3370 oirloe
1046 3308 1068 3392 ᾖ
1095 3310 1187 3388 nuni·

151 3410 292 3496 σςᾶτὺννσν
306 3417 373 3493 γοῦν
390 3411 449 3496 orgi
467 3415 513 3485 τῆς
531 3417 584 3471 τῶν
598 3412 709 3485 ἀληθῶν
722 3409 849 3490 ὲπνςήμης
863 3414 901 3471 τοὶ
914 3410 1007 3484 ψευδῆ·
1032 3408 1105 3474 haec
1120 3410 1185 3496 igi-

152 3521 207 3571 tur
219 3508 313 3572 verba
325 3507 384 3571 esse
398 3520 521 3592 partem
535 3506 598 3571 loci
613 3530 652 3571 ex
665 3507 782 3572 Juliani
798 3509 888 3572 Orat.
904 3508 980 3570 Vll.
1003 3528 1037 3592 p.
1053 3512 1127 3573 206.
1142 3510 1186 3573 C.

152 3611 207 3694 qui
230 3607 335 3672 adhuc
352 3631 416 3672 non
439 3609 492 3673 nifi
509 3609 642 3674 mutilus
657 3610 757 3673 fertur
771 3611 833 3676 ita:
856 3617 918 3685 Τοῖς
933 3610 1074 3692 δεδεμένοις
1089 3613 1117 3674 δὲ
1132 3612 1187 3692 ἔτι,

153 3710 281 3798 καθάπερ
296 3709 370 3791 οἶμοι(
385 3718 405 3758 *
417 3718 436 3758 *
449 3718 469 3758 ⁸*
483 3709 565 3774 εἷέωλ
580 3720 599 3759 *
613 3721 632 3759 ἢ
645 3719 664 3776 ὑ
679 3713 738 3775 ἀντὶ
760 3719 808 3775 τοῦ
818 3717 892 3777 ,θεοῦ
915 3712 1029 3796 λέγετον
1044 3718 1186 3800 ποιμάνα-

121 3885 124 3891 .
150 3816 305 3896 cassatim
319 3823 340 3864 θ
353 3822 374 3862 *
389 3821 410 3861 *
424 3813 520 3892 τέτηκε
543 3815 618 3892 δόξα·
643 3816 748 3901 pirario
768 3821 826 3902 γοὶς
850 3820 968 3878 ἐντεῦθεν
990 3819 1066 3898 αὑτῷ
1087 3819 1128 3877 τὰ
1149 3819 1188 3877 ὑπ

153 3926 233 3965 Η*
259 3917 352 3996 ταυτὶ,
380 3921 425 3992 τῆς
452 3920 571 3992 ἆλνβνῧς
593 3917 721 3996 &scriptor
746 3916 796 3981 olor
820 3917 920 3980 εἴδωλα
945 3913 1012 3980 sirloc
1038 3912 1084 3992 nol
1107 3910 1188 3994 onio)

153 4029 172 4066 l*
185 4030 203 4067 ὑ
216 4030 235 4068 ¹¹*
250 4023 309 4107 orgi
331 4026 377 4096 τῆς
398 4028 451 4083 τῶν
466 4021 577 4096 &nisos
598 4019 736 4101 ἔπος-ἦμος,
757 4023 794 4082 τοὶ
816 4021 910 4095 ψευδῆ.
946 4019 1053 4104 Quem
1071 4014 1186 4082 locum

150 4133 225 4184 ante
247 4121 305 4184 hos
325 4118 455 4206 triginta
476 4135 508 4184 et
531 4120 612 4183 duos
633 4141 732 4182 annos
755 4119 785 4181 in
809 4119 944 4205 Epistola
963 4117 1004 4183 ad
1022 4116 1185 4183 Ruhnke-

152 4222 241 4287 nium
265 4246 298 4310 p.
315 4241 365 4309 17.
390 4246 491 4312 quum
510 4225 598 4288 locos
616 4223 734 4290 loliani
756 4224 937 4310 complures
952 4224 982 4288 in
1004 4221 1105 4288 Suida
1122 4221 1184 4291 de·

153 4323 304 4406 texissem,
327 4342 435 4394 tamen
456 4326 543 4394 lmnc
565 4326 762 4416 ignorabam,
787 4341 883 4415 atque
904 4326 992 4392 hauc⁴
1012 4323 1186 4411 supplendi
