2684 4762
231 352 290 404 srs
376 334 704 408 D.W.AN1MADV.
725 348 772 408 ΙΝ
793 339 1022 412 PLUTARCHI
1042 350 1116 412 Lls.

235 505 331 591 hastas
352 506 443 595 saras
470 509 592 575 excitet:
624 510 648 578 i.
670 529 699 576 ο.
723 511 797 595 jnbe
824 535 888 577 earn
913 508 1040 577 excitare
1053 511 1147 599 seras
1171 511 1265 577 robu-

225 606 304 692 stas.

280 711 374 796 pot.
389 710 432 774 A.
453 711 822 801 Ἐπίχαρμος-ἐκάλεσας]
847 715 889 779 Et
903 713 965 778 hoc
979 707 1022 777 est
1033 713 1066 777 in
1080 710 1178 777 semel
1194 734 1265 776 me·

238 812 368 876 moratis
389 812 584 879 habendum.
620 812 846 901 Epicharnrnm
863 817 919 881 sub
942 815 1082 880 Hierone
1104 817 1265 903 Syracufis

239 913 328 978 fuiffe
349 915 488 979 constat:
519 928 554 979 et
576 915 756 980 notabimus
777 917 818 981 ad
839 938 871 1004 p.
891 928 961 1001 175.
976 917 1019 981 D.
1062 915 1269 982 lamblichus

240 1012 309 1080 Vit.
327 1015 461 1103 Pythag.
478 1015 508 1096 ξ.
530 1018 612 1083 266:
644 1019 731 1080 τῶνδ’
747 1017 843 1095 ἔξωθεν
864 1022 1003 1103 ἀκροατῶν
1025 1016 1148 1101 γενέθαι
1162 1016 1208 1095 καὶ
1220 1018 1266 1080 rir

239 1113 427 1201 Ἐπίχαρμον·
450 1119 516 1179 ἀλλ’
535 1121 583 1180 οὐκ
605 1121 636 1181 in
657 1124 705 1182 τοῦ
725 1119 882 1200 reciperas
901 1125 954 1181 nir
974 1120 1083 1204 ἀνδρῶν·
1106 1118 1268 1200 ἀφικόμενον

239 1216 270 1278 ii
290 1220 326 1290 εἰς
346 1215 526 1303 Συρακιίσας,
546 1220 590 1281 διὰ
603 1221 650 1296 τὴν
660 1217 776 1305 Ἱέρωνος
788 1217 930 1305 τυραννίδα
948 1225 996 1281 τοῦ
1012 1218 1063 1300 μὶν
1081 1228 1201 1304 φανερῶς
1221 1237 1266 1300 cu

243 1320 367 1399 λοσορεῖν
386 1317 535 1403 &anxiabor
556 1323 592 1393 είς
612 1318 709 1407 μίτρον
727 1322 749 1382 δ’
763 1324 853 1400 ίνεῖναρ
878 1320 913 1403 (l.
935 1323 1055 1402 ἓντεῖναρ)
1078 1326 1131 1395 τοὶς
1153 1322 1267 1394 διανοίας

242 1424 297 1479 τῶν
317 1419 428 1505 ἀνδρῶν,
449 1423 523 1501 μετὰ
544 1422 660 1495 παιδιᾶς
683 1420 772 1507 αρίρα
800 1418 944 1508 ἐκφέροντα
963 1426 1002 1484 rol
1022 1423 1195 1508 Πυθαγόρου
1221 1424 1265 1485 δυ’·

243 1542 357 1601 γματα.
392 1519 681 1585 Animadvertenda
701 1522 831 1607 responii
854 1520 1058 1610 ambiguitas,
1074 1523 1163 1610 quod
1184 1524 1267 1588 bifa-

244 1617 324 1681 riam
338 1618 439 1706 accipi
454 1631 598 1705 poterats
622 1619 719 1707 Atqui
733 1636 824 1707 nuper
839 1644 901 1684 cnm
915 1620 1078 1686 immolares
1092 1623 1211 1702 amicos,
1226 1646 1269 1685 νιια

245 1739 302 1786 non
315 1721 434 1809 vocasti,
450 1733 489 1787 ut
501 1723 566 1787 fere
580 1722 754 1810 Xyinnder,
770 1721 946 1799 Cruserius,
961 1722 1129 1787 Erasmus:
1146 1737 1192 1802 et,
1207 1725 1268 1788 Ar-

246 1822 298 1910 an'
317 1837 408 1910 nuper
428 1844 517 1911 qnam
532 1822 732 1912 sacrrficorer,
752 1847 810 1887 non
834 1820 942 1908 vocasti
962 1822 1079 1900 amicos,
1101 1834 1141 1885 ut
1164 1822 1269 1909 Amy-

247 1935 320 1986 otus
340 1936 373 1987 et
395 1923 551 1989 corretior
572 1922 761 2011 Xylandreae
784 1921 1051 2009 interpretationis
1073 1920 1107 1986 in
1129 1919 1270 1985 editione

248 2026 306 2088 Gr.
324 2027 395 2088 Lat.
411 2023 498 2090 Anni
514 2026 606 2107 1624.

290 2128 342 2191 68.
358 2128 400 2190 A.
424 2129 556 2205 Ἀντιφῶν
574 2130 658 2212 παρὰ
680 2124 996 2211 Διονυσίῳ-ἀπίθανον
1020 2124 1070 2186 riri
1098 2120 1268 2208 Διονυσίου]

250 2226 438 2294 Plutarchus
451 2229 501 2292 De
516 2228 663 2316 Repugn.
678 2226 777 2292 Stoic.
799 2222 941 2314 ῤ.1ο51.
956 2226 995 2289 C.
1030 2223 1272 2309 Antiphontem

248 2349 268 2391 a
282 2327 434 2413 Dionysio
447 2326 649 2392 interfectum
663 2338 778 2391 narrat.
818 2326 881 2390 Hic
896 2325 958 2389 fuit
974 2322 1143 2409 Antiphon
1157 2321 1272 2408 Tragi-

249 2448 319 2506 ous,
340 2410 439 2514 proire
463 2425 699 2515 distinguendus
721 2427 762 2491 ab
783 2426 983 2512 Antiphonte
1001 2422 1116 2489 Attico
1135 2436 1273 2501 oratore,

250 2529 292 2594 ad
313 2550 409 2614 quem
431 2549 593 2614 perperam
611 2530 693 2593 hano
714 2549 782 2593 rem
804 2527 981 2592 retulemnt
1004 2522 1272 2589 Pseudo-Plutar-

250 2629 331 2692 chus
352 2630 384 2693 in
406 2629 491 2693 Vitis
515 2632 558 2693 X.
584 2631 710 2693 Orator.
732 2651 765 2715 p.
781 2631 855 2713 833.
875 2631 913 2693 B.
942 2627 1070 2716 ejusque
1097 2624 1275 2711 descriptor

251 2730 384 2794 Photius
398 2728 480 2792 Cod.
496 2728 644 2793 CCLIX.
660 2751 693 2816 p.
711 2746 802 2815 1453.
837 2729 1035 2794 Philostratus
1049 2728 1119 2790 Vit.
1137 2726 1272 2813 sophin.

252 2834 280 2895 1.
297 2845 347 2916 15.
369 2851 403 2916 p.
417 2847 492 2914 500.
527 2830 579 2894 De
593 2852 658 2916 quo
679 2830 860 2894 consulatur
880 2827 1064 2894 Ruhnkenii
1082 2827 1178 2890 nostri
1198 2826 1272 2890 Dis·

251 2931 379 2997 sertatio
402 2930 443 2996 de
464 2930 665 3016 Antiphonte
689 2931 823 2996 Oratore
848 2930 960 2994 Attico
984 2948 1018 3015 p.
1032 2928 1087 3010 48.
1131 2925 1272 3015 Diogeni

253 3033 378 3122 Cynico
393 3031 504 3097 tribuit
517 3033 679 3118 Diogenes
693 3034 799 3096 Laert.
815 3034 875 3096 VI.
890 3050 943 3113 50.

295 3135 347 3198 68.
363 3135 401 3199 B.
427 3136 475 3211 τὴν
492 3133 559 3217 περί
577 3134 609 3194 ri
630 3131 713 3217 φρέαρ
734 3131 858 3218 ὄρχησιν]
892 3129 1091 3195 proverbium
1117 3129 1162 3193 est
1186 3129 1274 3202 Λίνος

253 3238 320 3324 ’περί
342 3234 426 3324 φρίαρ
446 3234 565 3321 χορεύοι,
588 3246 775 3297 annotatum
798 3230 940 3296 Zenobio
963 3233 1021 3295 IV.
1043 3249 1123 3294 100:
1147 3231 1273 3316 Dioge·

254 3339 350 3402 niano
370 3335 429 3401 VI.
446 3354 505 3402 21:
528 3332 635 3398 saida
657 3334 716 3397 IX.
731 3335 784 3397 62.
822 3332 899 3420 Ejus
919 3330 1149 3395 enarrationem
1171 3330 1275 3417 posuit

254 3440 307 3503 M.
322 3439 364 3502 A.
380 3438 527 3502 Muretus
540 3437 617 3499 Var.
632 3434 720 3498 Le&
732 3434 822 3497 XVI.
837 3435 886 3496 16.
903 3431 1002 3495 hanc:
1028 3431 1156 3495 (incorum
1170 3444 1274 3516 puteo·

255 3562 321 3601 ram
343 3562 433 3625 neque
452 3535 595 3622 obstructa
616 3557 666 3598 ora
679 3535 766 3618 sient,
788 3554 879 3620 neque
899 3528 1055 3618 crepidinis
1074 3527 1167 3616 paulo
1185 3530 1276 3592 altius

255 3648 458 3725 exaggerata,
478 3660 569 3723 neque
594 3634 717 3722 deniqne
739 3633 900 3720 quidquam
922 3629 969 3716 est,
996 3631 1073 3717 quod
1097 3631 1212 3717 objectu
1222 3630 1279 3718 jilo

251 3739 417 3831 probibeat,
432 3762 468 3800 ne
481 3737 547 3823 qais
560 3736 591 3798 in
610 3744 658 3798 ιον
670 3734 812 3798 incautior
829 3730 1027 3820 prolabatur:
1048 3731 1152 3818 quales
1173 3730 1280 3797 maltos

256 3842 323 3907 ruri
336 3840 489 3917 υὶιίνυιιιις
505 3835 605 3923 ſsqni
618 3835 696 3901 circa
716 3859 761 3899 eor
783 3837 898 3899 choreas
916 3845 1021 3920 agant,
1034 3856 1178 3921 magnum
1200 3835 1282 3922 peri·

256 3946 352 4011 cnlnrn
367 3945 489 4021 adeunt,
502 3965 549 4019 na,
561 3941 631 4002 dnm
640 3940 883 4026 progrediuntur,
898 3937 1117 4024 regrediuntur,
1134 3952 1240 4025 corpus
1253 3938 1285 4002 in

258 4049 351 4112 orbern
369 4054 495 4122 movent,
505 4041 663 4130 jaltitont,
676 4039 708 4104 in
723 4051 844 4128 puteum
858 4038 969 4126 delapfi
981 4048 1164 4123 mergantur.
1199 4040 1285 4104 Prte-

259 4149 341 4212 misrt
362 4145 512 4211 disertum
535 4141 698 4206 exordium
721 4141 763 4205 de
787 4153 987 4229 armamento,
1008 4162 1081 4204 curn
1104 4142 1287 4225 reprehen-

259 4247 342 4310 tione
370 4243 523 4331 iniquiore
547 4239 678 4321 Erasmi,
700 4240 839 4328 aequiore
865 4238 1080 4327 compilatoris
1101 4239 1289 4308 Florentini
