2684 4762
184 316 227 380 Μ
269 315 475 377 ANIMADV.
488 317 536 376 IN
549 319 624 379 LIB.
637 321 693 380 DE
704 323 881 386 EDUCAT.
893 324 1123 389 PUERORUM.

181 479 309 539 temtu?
344 477 425 564 Quis
448 477 547 566 igitur
569 480 637 569 ejur
659 485 702 550 est
725 485 880 572 scriptur?
913 489 1051 555 Nescior
1083 485 1190 553 Pium

179 573 277 639 chum
300 598 365 641 non
387 579 460 659 esse,
483 581 557 647 scio.
601 586 664 650 Sed
678 587 818 674 quisquis
832 590 961 655 tande-m
979 590 1036 654 ilie
1054 587 1194 666 hribom

179 673 317 740 falsarius
339 676 435 746 debet
456 682 583 751 haberi:
607 688 740 754 aliorum
755 712 870 770 errore,
885 713 950 755 non
970 690 1066 775 ipfius
1084 682 1196 760 immi&

177 774 248 839 haec
269 776 497 866 scriptiuncula
518 787 710 855 Plutarchcis
731 791 850 878 scriptio
865 789 972 857 addita
985 789 1048 854 effe
1062 786 1195 854 viderur:

176 875 232 960 qui
253 877 275 941 fi
298 879 363 968 ipse
385 885 448 956 hoc
462 890 572 977 egisset
590 905 628 954 ut
643 913 713 955 eam
736 892 905 956 Plutarcho
920 892 1128 977 supponeret,
1139 882 1200 972 ej&

178 978 323 1062 protetio
344 988 501 1054 rationem
522 1005 555 1054 et
574 990 749 1052 orationem
763 990 879 1050 imitari
902 990 1090 1055 studuisset:
1114 983 1204 1053 velud

176 1079 215 1160 38,
237 1087 294 1169 qui
315 1092 648 1177 Apophthegmatibus
670 1085 814 1167 praemifit
834 1084 1004 1165 Epistolam
1029 1093 1073 1154 ad
1098 1090 1205 1178 ijo·

177 1203 269 1263 num,
285 1188 356 1251 satis
370 1189 538 1272 diligenter
551 1180 699 1246 orationis
714 1178 909 1245 Plutarchere
921 1179 1058 1245 sormam
1076 1190 1208 1273 expres.

177 1284 232 1348 fitz
266 1298 302 1349 at
328 1283 534 1349 fimilitudinia
560 1277 805 1365 imiutionisquo
832 1280 978 1365 voluntat
1002 1295 1037 1348 et
1059 1283 1212 1355 studium

177 1406 243 1450 non
264 1385 341 1452 item
356 1397 486 1470 apparet
503 1381 535 1446 in
557 1377 705 1466 scriptore
723 1379 823 1446 libelli
842 1383 892 1446 De
907 1381 1107 1450 Educatinne.
1154 1389 1210 1457 De

176 1509 243 1573 quo
265 1489 285 1550 sr
308 1485 387 1550 mibi
410 1483 540 1548 omnino
565 1480 738 1547 dicendum
761 1483 797 1547 lit
818 1482 896 1570 quid
916 1483 1073 1571 suspicer3
1095 1485 1207 1553 dicam

174 1587 333 1672 equidem,
340 1584 401 1650 scd
414 1584 459 1650 ita
472 1596 509 1648 ut
522 1605 580 1670 pro
593 1582 765 1670 suspicione
778 1597 812 1650 et
826 1585 901 1650 dem
915 1598 950 1650 et
968 1586 1068 1672 accipi
1083 1588 1202 1667 velim3

175 1708 240 1751 non
262 1698 299 1750 ut
320 1709 378 1773 pro
399 1697 485 1750 certa
501 1697 629 1772 rataque
649 1686 814 1766 sententia,
829 1686 917 1774 quod
931 1686 998 1750 fere
1011 1687 1136 1755 fuciunt
1150 1690 1204 1776 qui

175 1785 324 1851 omnibus
345 1785 497 1851 derebus
518 1785 669 1850 historicis
690 1809 784 1872 aeque
805 1799 892 1851 certo
914 1787 1107 1874 firmiterque
1127 1812 1201 1876 pro-

145 1918 153 1937 ·
177 1885 343 1965 nunciant,
366 1887 548 1974 nullamque
569 1887 602 1954 in
622 1887 842 1973 probabilitate
867 1887 1022 1952 rationem
1042 1889 1202 1975 graduum

173 1998 211 2052 et
223 1985 409 2054 discriminis
423 1988 558 2054 ducunt.

219 2087 323 2174 Igitur
343 2091 448 2168 adhuc
469 2090 549 2156 mihi
570 2089 694 2155 videtur
713 2087 884 2170 verisimile,
903 2088 1085 2175 scriptorem
1105 2090 1201 2178 hujus

173 2184 274 2253 libelli
304 2192 392 2258 hrilse
421 2191 652 2256 adolescentem
679 2190 843 2255 rhetoricis
870 2187 984 2255 scholia
1010 2189 1199 2270 institutum,

173 2286 278 2373 primo
291 2293 377 2377 apud
395 2291 474 2354 alica
488 2290 661 2374 magistros,
676 2287 791 2352 deinde
805 2288 889 2374 apud
904 2288 1122 2370 Plutarchum,
1143 2316 1199 2356 ne·

173 2410 238 2475 que
259 2390 339 2455 illud
360 2391 431 2455 satis
453 2387 509 2452 diu
527 2403 564 2452 ut
584 2386 719 2472 aliquem
733 2388 775 2451 ab
793 2410 832 2452 eo
846 2389 985 2454 colorem
1000 2403 1033 2455 et
1054 2391 1198 2456 habitum

172 2492 363 2559 contrahere
384 2487 495 2575 posset,
510 2499 670 2552 recentem
691 2486 789 2574 igitur
809 2488 841 2553 in
861 2488 1025 2553 rhetoricis
1040 2491 1198 2555 Plutarchi

175 2592 290 2660 scholis
304 2591 503 2678 discipulum,
526 2588 849 2675 philosophiae-adhuc
864 2591 922 2655 srvc
935 2590 1058 2672 rudem,
1074 2592 1133 2657 five
1148 2595 1197 2680 ig-

176 2714 302 2771 narum,
324 2706 410 2756 certe
432 2691 482 2755 n'x
504 2691 612 2778 primia
633 2689 786 2754 initiia‘et
806 2680 1005 2776 protrepticio
1024 2691 1198 2759 rationibus

174 2788 346 2857 imbutum.
392 2790 578 2855 Plutarchus
599 2789 682 2853 forte
705 2787 826 2854 dederit
848 2789 1007 2877 discipulis
1028 2791 1140 2873 thesin,
1165 2793 1198 2857 id

172 2893 218 2954 est
236 2905 463 2980 argumentum
484 2890 668 2976 scriptionis,
690 2891 750 2955 hac
769 2891 916 2970 sonnuln
929 2891 968 2954 Τί
980 2918 1021 2967 τις
1034 2890 1068 2959 ἂν
1081 2893 1142 2979 ἔχοι
1157 2900 1196 2959 rl·

170 2999 229 3057 mir
252 2997 311 3082 regi
331 3001 379 3072 τῆς
401 3002 456 3057 τῶν
480 2991 625 3080 ἐλευθέρων
646 2991 747 3055 παίδων
769 2997 895 3078 ἀγωγῆς,
921 2991 967 3072 καὶ
989 2994 1039 3059 τίνι
1058 2997 1197 3080 χρώμεναι

173 3097 300 3158 mutarn
323 3094 357 3168 nir
376 3099 432 3168 τοῖς
453 3093 558 3181 rginors
580 3092 708 3158 modain
719 3118 729 3172 ;
755 3094 836 3157 Hoec
858 3093 951 3180 plane
968 3095 1012 3158 est
1031 3094 1197 3161 rhetorum

173 3195 310 3260 formula
322 3195 354 3259 in
371 3192 584 3281 proponendis
598 3192 875 3257 Declamationum
889 3194 1097 3280 argumentis,
1111 3198 1197 3272 Τίνας

172 3297 207 3361 ἂν
221 3298 286 3362 εἴποι
301 3298 388 3383 λὸγες
400 3297 563 3384 Ἀχιλλεὺς,
578 3295 627 3359 vel
640 3294 730 3359 alius·
757 3294 819 3358 Sed
834 3295 993 3360 Plutarchi
1007 3317 1198 3383 argumenta

174 3398 274 3483 petita
287 3411 376 3461 erant
390 3420 408 3461 e
422 3395 637 3483 philosophia3
661 3417 735 3458 narn
749 3394 937 3460 rhetoricam
952 3397 1106 3462 traciabat
1120 3423 1197 3465 cum

173 3497 373 3583 philosophia
390 3497 605 3584 conjundlam,
628 3518 716 3561 more
737 3495 1001 3561 Academicorum
1016 3513 1049 3562 et
1068 3498 1198 3587 Peripa-

173 3597 344 3663 teticorum
365 3599 396 3662 in
417 3599 716 3684 utramquepartem
732 3597 921 3683 disputandi.
963 3600 1015 3664 De
1036 3599 1200 3668 rhetorico

172 3699 243 3788 ejus
269 3699 368 3764 studio
389 3700 484 3764 exstat
507 3699 596 3762 locus
623 3699 654 3763 in
678 3699 758 3762 libro
784 3700 833 3761 Dr
858 3699 984 3772 Solatia
1010 3701 1200 3769 Animalinm

173 3823 207 3888 p.
220 3815 293 3886 959.
307 3800 348 3865 C.
370 3822 466 3887 quem
488 3799 521 3862 in
543 3799 739 3885 Fragmentis
760 3798 831 3862 libri
852 3800 902 3863 De
926 3800 1083 3871 Venerione
1102 3804 1198 3870 exhi-

173 3902 313 3968 buimus.
355 3904 403 3966 Er
424 3900 537 3967 eodem
558 3922 675 3986 genere
695 3901 768 3964 sunt
789 3900 860 3964 libri
876 3902 926 3965 De
940 3904 1039 3967 Princo
1054 3905 1197 3992 Frigido,

173 4006 224 4068 De
245 4002 399 4092 quastione
417 4003 544 4090 Aquanc
561 4025 603 4063 an
623 4001 708 4088 Ignis
730 4001 830 4066 utilior
839 4003 896 4086 stt,
916 4004 966 4066 De
987 4004 1094 4068 Carnis
1115 4007 1196 4092 Ejir,

173 4108 224 4171 Dr
249 4108 420 4173 Alexandri
451 4106 579 4183 Virtute,
606 4105 655 4167 Dr
681 4105 874 4168 Romanomm
902 4107 1045 4173 Fortuna.
1092 4110 1196 4194 Apud

173 4207 338 4281 stobaeum
360 4208 424 4275 Tit.
444 4206 569 4274 Lxul.
593 4219 629 4271 et
650 4206 769 4274 Lxrv.
791 4206 824 4272 in
847 4206 1090 4277 Pulchritudiuio
1114 4232 1193 4276 curn
