2684 4762
411 356 614 418 JUDICIUM
633 357 689 416 DE
708 356 910 416 AUCTORE.
1136 362 1178 415 45

148 517 369 604 bripicioncm,
392 532 431 585 ut
449 520 503 585 fibi
520 519 699 600 videbatur,
721 517 909 584 confutasset
926 517 988 582 hac
1004 515 1177 604 reprehen-

150 619 254 685 sione:
278 621 323 686 Et
334 621 473 711 profesio,
489 623 605 708 inquit,
620 622 777 686 admodum
790 621 927 691 invalido
941 631 1071 684 aleretur
1083 643 1180 704 arga·

147 734 258 801 mento,
269 724 305 807 fi
316 725 382 811 qais
400 736 535 810 putaret,
555 724 618 787 ideo
639 747 659 786 a
679 722 840 787 Plutarcho
851 722 996 810 scriptum
1013 719 1092 806 istud
1108 735 1179 807 pro·

136 824 259 909 felium
276 850 334 890 aaa
353 829 418 914 effa,
438 828 510 914 qaia
528 825 675 890 nonnulla
693 826 725 890 in
745 850 774 889 eo
794 838 954 904 occurrant,
970 850 1037 911 qua
1051 849 1071 887 a
1089 822 1182 909 nostra

149 925 184 988 in
204 925 274 988 aliis
294 927 380 990 libris
400 926 578 992 contrariam
595 926 628 990 ia
646 927 761 991 modum
781 926 899 1014 prolata
913 937 966 989 aas
980 925 1116 1012 explicita
1131 924 1180 986 ia·

150 1028 329 1092 veniamur.
361 1029 488 1092 Dudum
501 1029 577 1094 enim
593 1027 774 1114 ‹planderunt
787 1028 850 1091 viri
864 1029 952 1106 dorii,
967 1051 1024 1090 aaa
1039 1024 1184 1112 insolitum

137 1129 239 1215 sraffl
251 1128 412 1193 Plutarcho
423 1129 704 1216 eosdemsententias
719 1131 884 1217 rffdemque
898 1126 1032 1213 historias
1035 1126 1185 1213 fleamdo

150 1253 188 1293 ac
212 1232 371 1318 torquendo
396 1230 441 1293 ad
465 1230 665 1317 diversfflmos
677 1233 777 1319 scopos
800 1231 1024 1295 accommodare.
1068 1223 1190 1314 Atqui,

149 1353 173 1395 ο
186 1331 284 1411 bone,
301 1331 387 1396 aliud
400 1333 454 1412 est,
472 1332 548 1396 mem
561 1332 651 1396 aliter
669 1357 806 1413 rrarrare,
827 1332 924 1411 aliud,
942 1334 1018 1399 idem
1037 1330 1185 1395 contrario

152 1445 182 1495 et
203 1433 318 1519 diuerso
340 1434 422 1497 orado
446 1457 594 1498 narrare.-
626 1434 714 1499 aliud
736 1437 790 1514 esi,
817 1457 877 1497 rem
901 1435 993 1521 ipsam
1016 1434 1191 1513 immutare,

150 1532 250 1612 aliud,
266 1535 408 1598 rationem
423 1535 586 1598 trafflaadi.
632 1536 819 1600 Plutarchus
833 1533 979 1600 eamdem
994 1533 1183 1599 sententiam

142 1646 187 1698 *et
200 1632 361 1698 historiam
376 1633 468 1698 variis
481 1633 560 1698 locis
574 1633 619 1697 ita
633 1633 766 1721 prodere
784 1635 872 1715 solet,
891 1648 929 1698 ut
942 1655 1014 1698 eam
1027 1632 1068 1697 ad
1082 1632 1183 1698 varie·

153 1745 256 1800 tatem
269 1734 452 1820 argumenti
465 1733 699 1814 accommodet,
715 1757 780 1800 non
795 1747 833 1798 ut
846 1756 918 1798 eam
931 1733 1026 1798 aliam
1040 1733 1136 1798 faciat
1147 1746 1185 1798 et

152 1834 210 1900 fibi
230 1835 295 1921 ipse
316 1847 487 1922 repugnet.
532 1838 629 1900 Porro
641 1834 703 1900 illia
719 1835 752 1901 in
766 1834 845 1899 locis
859 1835 915 1898 ubi
930 1831 1051 1921 aliquid
1070 1833 1185 1898 salsum

151 1947 188 2000 et
213 1934 412 2001 historiarum
438 1935 601 2003 consensui
624 1957 807 2022 repugnans
832 1934 987 2021 proditur,
1011 1935 1089 2020 quid
1109 1936 1187 2001 sunt
1232 1954 1234 1958 ’

155 2035 212 2101 nisi
230 2035 421 2124 ignorantia
440 2038 583 2100 errores?
609 2035 690 2120 Cap.
704 2036 749 2099 Il.
764 2058 797 2122 p.
813 2056 843 2099 1.
858 2035 899 2099 C.
912 2033 1132 2100 Themistoclis
1144 2035 1185 2099 si-

151 2135 216 2204 liua
240 2139 433 2224 Diophantus
456 2149 598 2219 vocatur,
619 2136 675 2222 qui
693 2136 737 2202 est
757 2135 968 2225 Cleophantus.
1013 2137 1094 2223 Cap.
1108 2138 1186 2202 VII.
1314 2205 1320 2219 ,

152 2262 189 2327 p.
201 2260 234 2322 4.
250 2243 288 2304 E.
312 2240 417 2302 Crates
436 2236 600 2303 sententiae
618 2236 766 2324 proditur
775 2237 897 2318 audior,
915 2237 971 2324 qui
986 2238 1029 2302 est
1043 2237 1187 2319 Socrates.

154 2340 239 2428 Cap.
252 2341 295 2404 X.
318 2361 352 2426 p.
366 2340 397 2403 8.
412 2340 451 2402 B.
474 2337 701 2425 Epaminondas
721 2337 754 2402 in
776 2337 915 2403 Platonis
934 2337 1096 2423 discipulis
1116 2360 1186 2404 me·

154 2453 311 2505 moratur.
357 2439 441 2525 Cap.
454 2439 515 2504 VI.
536 2459 569 2523 p.
583 2440 614 2503 8.
626 2440 670 2501 A.
693 2436 822 2502 Socratis
842 2435 964 2503 dicum
979 2437 1066 2524 apud
1079 2436 1186 2503 Plato·

153 2561 234 2606 nem
248 2539 281 2604 in
296 2538 417 2626 Gorgia
430 2538 603 2624 apponitur
617 2560 693 2602 cum
713 2537 773 2602 hac
787 2537 985 2625 praefatione,
1006 2539 1188 2626 ἐρωτήσαντος

153 2643 250 2722 miris,
275 2643 322 2724 pot
347 2643 429 2720 δοκεῖ,
452 2639 581 2727 Pappia:
611 2654 644 2705 at
667 2639 761 2707 Polus
782 2639 856 2720 fuit,
878 2640 934 2726 qui
956 2639 1186 2728 interrogaret!

153 2757 310 2811 caeterum
321 2765 393 2826 ,nec
414 2763 500 2806 error
518 2763 577 2806 nec
593 2740 752 2817 dubitatio
772 2741 942 2807 istiusmodi
956 2742 1042 2808 cadit
1057 2742 1091 2808 in
1111 2743 1188 2808 Plu·

154 2845 260 2912 tarchi
274 2845 323 2910 vel
337 2841 601 2910 consuetudinem
615 2843 665 2909 vel
678 2843 834 2909 rationem
846 2866 883 2909 ac
895 2844 1085 2912 doctrinam.
1110 2845 1188 2928 Sed,

154 2946 245 3011 dicat
265 2945 350 3032 quia,
373 2944 409 3009 hi
430 2945 503 3008 sunt
524 2944 574 3008 vel
596 2944 758 3009 memoriae
777 2944 882 3030 lapsus
900 2945 991 3010 venia
1011 2947 1113 3034 digni,
1130 2959 1190 3013 aut

154 3046 359 3114 librariorum
380 3067 502 3111 errores
522 3044 714 3132 corrigendi.
757 3046 927 3111 Enimvero
949 3047 1005 3134 qui
1029 3047 1192 3114 Plutarchi

155 3148 348 3215 memoriam
362 3147 462 3229 novit,
482 3145 568 3211 idem
583 3147 671 3212 novit
687 3170 759 3212 eam
775 3147 855 3212 adeo
869 3149 1033 3235 pueriliter
1046 3148 1111 3214 labi
1125 3170 1190 3213 non

158 3249 305 3337 potuisse.
349 3249 499 3315 librariis
519 3262 553 3314 et
573 3272 636 3337 ego
654 3247 826 3337 aliquando
844 3250 904 3313 hoa
918 3271 1039 3314 errores
1053 3249 1192 3315 tribuere
1239 3290 1249 3321 a

159 3350 263 3416 malui
283 3373 380 3437 quam
402 3351 563 3438 scriptori:
587 3350 708 3416 mutavi
729 3350 929 3430 sententiam,
948 3348 1080 3415 homine
1097 3351 1191 3437 fami-

157 3451 271 3520 liarius
285 3452 417 3540 cognito
431 3466 465 3518 et
477 3451 612 3518 interius
631 3451 814 3538 perspetlo:
837 3449 877 3514 ad
898 3451 1051 3538 majorem
1068 3469 1193 3542 partem

157 3554 318 3643 exigenda
337 3555 380 3620 est
399 3553 454 3620 illa
477 3554 629 3642 aequitaa:
652 3552 811 3618 utendum
832 3553 875 3618 est
895 3577 933 3619 ea
947 3554 1007 3624 ubi
1028 3555 1060 3621 in
1075 3579 1195 3646 magna

158 3657 303 3724 universe
328 3679 388 3745 per
412 3669 519 3723 totum
545 3655 663 3721 librum
688 3655 856 3744 diligentia
878 3669 912 3722 et
927 3655 1080 3724 vdostrina
1101 3659 1211 3746 pauci*

158 3773 337 3827 occurrunt
350 3781 483 3839 errores,
498 3782 563 3824 non
577 3758 634 3824 ubi
651 3759 799 3845 frequens
812 3760 856 3824 est
876 3782 934 3848 per
947 3773 1055 3826 totum
1076 3761 1195 3828 librum

159 3859 362 3948 negligentia
373 3880 450 3924 cum
465 3857 616 3924 dollrinae
629 3872 701 3923 tum
715 3858 859 3924 rationis.
1109 3933 1115 3940 ι

188 3961 283 4028 .vl1.
312 3960 462 4025 Materiae
481 3981 553 4046 para
571 3958 669 4024 etiam
684 3961 757 4025 sunt
773 3958 941 4047 fingularia
954 3938 1196 4078 dinuilffi‘

160 4081 228 4148 que
248 4058 420 4145 scriptoria.
464 4059 592 4124 Horum
607 4081 671 4123 non
690 4080 795 4155 pauca
807 4061 925 4160 suntin
937 4044 1130 4157 'quill->Quis
1144 4082 1195 4125 ra·

156 4161 213 4253 vtio
237 4181 296 4225 nec
318 4157 485 4225 confilium
510 4173 672 4253 appareat,
690 4145 960 4253 'quaque'riiigis
982 4150 1058 4223 euin
1083 4153 1197 4248 puerili

166 4259 367 4350 negligentia
385 4270 425 4328 ac'
441 4259 637 4359 ¹‘temeritate'
656 4266 753 4354 q‘ua'm
775 4250 851 4328 curn
872 4259 1014 4346 ‘cogitate
1035 4252 1198 4329 scribentis
