2684 4762
159 313 213 375 DE
226 316 412 376 DISCERN.
426 316 548 376 ADUL.
564 318 615 375 AB
631 317 775 376 AMICO.
790 322 876 393 p.70.
886 317 1042 388 F-71.A.
1074 313 1132 374 531

95 480 178 554 ἆςοὺς
202 483 250 542 καὶ
277 483 349 566 πρὸς
371 480 459 558 ξένιος.
502 478 692 545 Themistius
714 481 772 545 Or.
791 480 917 544 XXVI.
940 499 973 565 p.
988 478 1063 564 318.
1083 478 1132 544 Bt

95 580 202 660 αὐθάδη
218 583 270 664 μὲν
287 590 379 646 ταῦτα
398 582 563 669 Σακροίτιις·
589 580 768 668 αὐθαδίςιρον
786 583 807 643 δ’
823 581 862 644 ἔτι
883 588 1006 662 μᾶλλον,
1018 578 1063 643 ’ὅτι
1083 579 1134 654 τίς

95 683 184 768 λίγες
197 682 285 758 πίτυς
301 686 337 747 ιίιι
352 688 377 747 ίν
391 685 532 771 ἀπορρήτῳ
548 687 672 763 ινιιοιεῐοό,
688 686 733 746 &tt
746 685 812 771 πρὸς
825 683 909 764 μόνας
922 684 983 757 τοὺς
1002 685 1133 764 μαθητὰς

95 789 176 848 ἀλλὰ
193 787 259 871 πρὸς
274 784 381 860 πάντας
394 785 540 873 ἀνθρώποις
557 783 591 860 ν’ίς
603 810 643 847 πυ
657 784 738 859 αὖτίς
752 802 831 868 φησιν
844 783 1034 869 ίκιιεχιιμένοος
1052 785 1133 866 (Eu-

95 884 231 973 thyphr.
246 909 279 972 p.
296 889 350 968 48.
366 889 420 970 E.)
444 885 491 968 xor)
509 889 619 950 ἐπὶτῶν
636 889 777 974 τραπεζῶν
792 883 838 967 καὶ
855 889 950 960 ἐντοῖς
963 885 1135 973 ἐςγαςηςίοις

96 987 143 1068 καί
162 994 189 1052 ἐν
206 992 268 1063 ταῖς
281 988 472 1076 σαλαίςςαις.
510 991 573 1052 Hae
594 989 627 1052 in
646 990 716 1053 foro
738 989 854 1052 mensae
869 1002 1088 1052 memorantur
1101 1000 1136 1052 et

94 1091 313 1177 Theophrasto
331 1091 479 1156 CharadI.
492 1094 533 1156 V.
550 1094 597 1155 uui
612 1098 659 1169 τῆς
672 1093 723 1174 μὲν
736 1097 843 1180 ἀγορᾶς
857 1095 921 1178 πρὸς
933 1095 984 1165 τοὶς
996 1088 1135 1176 τραπίζας

95 1200 281 1280 προοροιτᾷν.
320 1194 430 1257 Romae
455 1193 643 1258 Plutarchus
664 1195 767 1258 Bruto
789 1215 823 1279 p.
840 1213 914 1279 993.
933 1191 972 1256 C.
1010 1190 1136 1254 Caesare

96 1310 172 1377 740.
190 1296 230 1359 C.
261 1295 407 1358 Antonio
426 1313 501 1381 922.
517 1297 555 1359 Β.
592 1298 634 1359 Et
647 1295 723 1359 alibi
739 1297 779 1361 ab
799 1294 869 1358 aliis
884 1294 1077 1370 radiorum,
1094 1292 1136 1355 ab

96 1396 263 1481 Euphrate
286 1395 441 1481 Sophista,
456 1418 554 1481 quem
573 1397 636 1461 hoc
658 1396 789 1462 nomine
808 1395 1015 1482 reprehendit
1029 1395 1135 1482 Apol·

96 1496 203 1561 lonius
224 1512 263 1561 ut
284 1498 325 1562 ad
345 1499 467 1561 mensas
483 1513 517 1562 et
538 1499 737 1563 differentem
761 1513 794 1563 et
815 1500 1026 1563 foenerantem
1049 1496 1137 1584 apud

99 1597 321 1663 Philostratum
334 1599 430 1663 VIII.
452 1619 502 1662 11.
526 1622 559 1686 p.
574 1619 649 1683 344.
673 1601 740 1686 κᾴπ)
756 1608 810 1663 τῶν
822 1604 965 1687 τραπεζῶν
980 1599 1025 1677 ἤδη
1040 1597 1136 1663 διαλί-

96 1726 179 1786 ymas
200 1701 335 1778 κάπηλος,
358 1701 544 1778 ὑποκοίπηλος,
568 1701 696 1779 τελώνης,
719 1699 896 1780 ὄὸολοςοίτης,
920 1701 1013 1764 πάντα
1037 1699 1137 1786 γιγνό-

95 1827 174 1886 μενος
189 1807 227 1864 τοὶ
240 1801 391 1883 ποιλέμινᾶ
404 1827 435 1863 τε
449 1799 496 1880 καὶ
507 1809 671 1864 πωλοῦντα.
703 1800 866 1866 Caeterum
883 1802 915 1865 in
930 1802 1070 1866 Socratis
1086 1823 1137 1866 re-

98 1903 212 1988 sponso
230 1903 273 1966 est
291 1901 483 1988 tempestive
504 1902 702 1990 repetitionis
717 1902 869 1966 aculeus:
894 1901 996 1990 qualis
1018 1904 1084 1967 fere
1106 1902 1139 1966 in

98 2003 156 2068 illo
169 2003 272 2068 Plauti
288 2003 421 2068 Poenulo
439 2002 465 2065 Ι.
476 2022 507 2068 2.
516 2018 570 2088 50.
587 2003 633 2066 A.
645 2017 763 2066 -tacu
787 2003 841 2066 M.
852 2002 956 2067 Taceo.
972 2002 1016 2068 A.
1041 2002 1075 2066 Si
1089 2016 1138 2067 ta·

100 2107 212 2192 ηαβετ,
223 2108 296 2194 jum
310 2105 399 2192 istud,
415 2117 507 2185 taceo,
523 2130 582 2170 non
596 2118 701 2170 natum
711 2106 810 2192 foret.

144 2228 196 2294 70.
212 2212 248 2273 F.
273 2208 504 2296 Ποθαγίρας-]
539 2208 715 2295 Singularis
737 2207 808 2272 haec
832 2208 874 2272 est
897 2208 1021 2273 mentio
1041 2208 1141 2297 hujus

99 2311 188 2376 faeti.
231 2310 520 2399 Pythagoricorum
549 2310 581 2374 in
609 2308 880 2395 reprehendendis
910 2309 1142 2396 monendisque

93 2411 279 2500 junioribus
303 2411 487 2476 cautionem
510 2411 621 2475 laudat
639 2411 841 2476 Jamblichus
858 2409 926 2475 Vit.
954 2410 1091 2499 Pythag.
1111 2414 1140 2496 ξ.

102 2537 176 2582 101.
212 2519 264 2581 M.
280 2515 467 2582 Antoninus
481 2513 631 2579 eamdem
645 2513 829 2577 cautionem
845 2512 991 2599 praecipit
1007 2515 1068 2577 XI.
1085 2514 1141 2577 18:

100 2619 179 2681 δεῖδὲ
193 2619 264 2700 μήτε
278 2622 417 2705 εἰρωνικῶς
430 2619 498 2680 αὐτὸ
524 2619 568 2700 (τὸ
578 2617 738 2703 παραινεῖν)
762 2618 865 2697 ποιεῖν,
887 2615 956 2696 μήτι
971 2617 1141 2692 ὄνειδιςιιιῶς,

100 2724 181 2782 ἀλλὰ
199 2719 369 2806 ριλοςόργοις
389 2717 435 2797 αα.)
456 2719 578 2797 ἀδήκτως
596 2722 630 2804 τῇ
648 2719 740 2803 dmi·
765 2717 812 2779 καί
830 2719 870 2798 μὴ
884 2718 919 2791 ιίς
932 2719 959 2780 ἓν
973 2722 1061 2802 χολῇ,
1074 2717 1143 2799 peti

100 2823 145 2886 ίνα
162 2822 250 2896 ἄλλος
263 2828 393 2909 παςαςοὶς
407 2821 553 2907 θαυμάσῃ·
576 2823 642 2884 ἀλλ’
657 2821 698 2884 ἀτί
711 2846 754 2883 τοι
768 2823 841 2907 πρὸς
854 2820 945 2902 μόνον,
960 2822 1009 2883 καί
1024 2825 1070 2884 ἐὰν
1085 2820 1141 2882 ἄλ-

101 2939 145 2987 λοι
165 2924 234 2997 τινὲς
256 2922 462 3009 ereptus-rimi:
489 2921 546 2986 ubi
564 2920 708 2985 videatur
728 2920 791 2985 Th.
809 2917 1004 2985 Gatakerus.
1040 2923 1141 3008 Quae·

102 3025 179 3088 darn
193 3023 234 3088 ad
248 3023 331 3088 hanc
347 3044 416 3087 rern
431 3022 612 3087 notavimus
625 3023 719 3108 supra
733 3045 767 3110 p.
786 3042 837 3086 10.
854 3023 894 3087 C.

145 3148 178 3212 p.
191 3141 243 3210 71.
259 3129 302 3189 A.
325 3128 363 3207 μὴ
384 3114 582 3211 πανηγυρικὴν]
611 3124 695 3188 Vide
717 3122 1019 3188 animadverfionem
1043 3123 1085 3188 ad
1110 3145 1142 3210 p.

104 3229 136 3290 6.
151 3229 196 3291 A.

147 3346 199 3412 71.
214 3328 259 3392 A.
281 3325 588 3414 ἐνευδοκιμεῖν-ὧσπερ
602 3331 626 3388 oi
642 3329 835 3414 χοιρειργὲνίες
849 3329 943 3400 ἐντοῖς
956 3327 1081 3415 θεάτροις
1095 3332 1142 3393 ia·

102 3432 160 3518 τροί
179 3431 253 3518 πρὸς
272 3428 453 3516 ἑργολοιὸίοιν]
483 3428 675 3494 Notavimus
698 3428 845 3514 quaedtun
868 3427 908 3491 ad
930 3449 963 3513 p.
979 3430 1032 3513 67.
1049 3432 1089 3510 E,
1107 3432 1142 3495 F.

103 3535 152 3598 At
172 3531 301 3619 publice
322 3530 421 3596 etiam
443 3530 603 3618 principes
628 3529 829 3595 medicorum
853 3544 885 3593 et
911 3529 1088 3597 differendo
1111 3549 1144 3598 et

103 3631 278 3698 I'adiitondo
296 3645 398 3696 artem
417 3631 644 3696 ostendebant:
669 3630 767 3695 veluti
786 3631 939 3711 Galenus,
959 3633 1048 3718 quod
1069 3658 1143 3700 nar-

104 3748 155 3800 rat
176 3736 228 3800 De
251 3734 324 3801 Suis
347 3733 449 3798 Libris
471 3735 510 3799 T.
526 3735 553 3798 1.
576 3755 609 3820 p.
624 3750 679 3817 37.
696 3731 736 3796 C.
759 3752 814 3819 39.
832 3734 871 3798 C.
883 3736 922 3798 E.
944 3737 1054 3817 40.A.
1091 3737 1143 3803 Sic

106 3835 282 3921 peritorum
295 3849 329 3902 et
343 3855 496 3898 vanonrm
511 3833 723 3898 differentiam
737 3834 937 3899 medicorum
947 3851 1040 3900 notat
1056 3837 1144 3903 Dion

108 3937 221 4026 Chrys.
245 3940 303 4004 Or.
319 3939 480 4002 XXXIII.
505 3959 538 4024 p.
553 3957 629 4024 395.
646 3939 697 4001 D:
723 3944 739 4015 ἡ
761 3939 812 4021 μίν
834 3938 877 4003 οὖν
900 3941 990 4004 τοιοίδε
1012 3940 1144 4025 ἄκρίασις

106 4043 209 4130 θεωρία
220 4069 263 4117 τις
279 4041 348 4106 οὖσα
363 4045 411 4106 καί
424 4047 518 4126 πομπὴ
532 4043 734 4130 παραπλήσιον
747 4043 806 4129 ἔχει
822 4070 849 4107 τι
862 4045 924 4118 ταῖς
939 4044 1077 4122 ἐπιδείξεσι
1091 4054 1145 4110 τῶν

106 4143 270 4227 καλαμίνων
284 4148 395 4232 ἰατρῶν,
409 4151 433 4208 οί
445 4144 656 4231 προκαθίζοντες
671 4149 697 4209 ὲν
710 4152 750 4231 τῷ
763 4145 854 4231 μίτῳ,
868 4144 1010 4228 ξνμὲολοὶς
1024 4146 1143 4236 ἄρθρων,

106 4249 153 4311 καί
173 4245 254 4321 ὄςίοιν
274 4246 414 4320 συνθέσεις
438 4247 485 4309 καί
504 4244 680 4334 παραθέσεις
705 4247 753 4311 καί
776 4251 881 4312 τοιαῦθ’
906 4247 985 4334 ἕτερα
1009 4250 1148 4329 ἐπεξίασι,

580 4368 608 4412 M
624 4370 654 4413 nr
673 4368 689 4415 2
