2684 4762
229 299 284 382 oe.
297 318 431 380 nncrn
442 317 647 380 Auernum
660 316 853 380 tenone.
865 319 996 397 peto.
1064 323 1128 379 ees

96 482 262 569 compositit,
274 482 335 568 sed
357 480 499 546 adhiberes
521 481 553 544 in
575 481 722 565 corfilr'um
737 481 882 569 principes
897 481 1010 546 virtute
1031 492 1059 543 et
1077 503 1130 544 eer-

99 580 270 666 r'stt'matt'orre
284 585 373 647 cives.
411 584 555 649 Antonio
575 602 607 668 p.
619 603 694 671 947.
709 584 762 650 A:
786 587 825 667 ἐφ’
842 590 925 649 αὑτοῦ
944 584 1063 662 tutem
1082 608 1130 648 ot·

98 689 170 767 ωπῇ,
195 683 252 769 ipse
269 681 354 769 solus
380 685 542 770 tacitosque
566 683 701 770 consedit.
751 683 896 747 Eumene
924 705 957 768 p.
976 684 1052 768 583.
1080 681 1129 746 C:

98 782 152 855 ὥςε
175 785 196 869 οὲ
220 786 358 872 ςςατηγός
376 790 550 863 &contritae
576 791 652 849 κατὰ
674 789 723 864 τὴν
741 788 853 864 Ἰνδικὴν
878 788 916 865 ἐφ’
940 792 1036 849 ἑαυτοῦ
1058 786 1132 865 μετὰ

98 885 244 967 δυνάμεως,
267 899 303 950 ut
323 885 411 950 etiem
435 911 499 951 cum
522 889 650 952 exercitu
671 888 734 952 dux
749 887 846 975 solus,
864 887 933 970 stne
954 886 1078 973 collega,
1102 885 1134 947 irz

101 985 192 1050 India
214 988 258 1050 ad
269 988 495 1150 expeditionem
491 989 665 1053 mitteretur.
703 991 866 1054 Homerus
888 989 979 1052 Iliad.
998 990 1041 1052 H.
1037 1003 1133 1150 &195

101 1187 257 1267 odhones.
295 1188 385 1253 I‘htto
407 1191 486 1276 Leg.
503 1136 586 1253 ΧΠ.)
605 1211 638 1274 p.
654 1153 727 1254 686.
745 1190 793 1254 C.
823 1191 903 1252 αὐτὸν
880 1089 964 1270 iip’
990 1195 1086 1253 ἑαυτοῦ
1106 1213 1135 1251 rt

99 1294 178 1352 κατὰ
198 1289 282 1372 μόνας
303 1292 378 1378 δςᾶο.
424 1290 506 1354 Item
534 1290 645 1354 addito
670 1291 748 1372 μόνος
778 1289 979 1368 Plutarchus,
1010 1291 1137 1355 Catone

102 1390 188 1454 Min.
203 1412 234 1476 p.
248 1393 321 1474 762.
333 1394 384 1455 A.
406 1389 589 1479 coperiant
549 1417 619 1478 γαρ,
633 1391 765 1476 petrosio
777 1399 809 1455 ὲα
789 1390 964 1478 αοτὲδιημέρ
967 1418 1008 1454 eor
1008 1390 1136 1474 ,rpie'ra

102 1491 335 1578 οτςοσοέμοοος-.

145 1613 199 1674 41.
214 1595 252 1658 B.
274 1609 349 1658 ωολε
343 1594 590 1677 ’με-πολλοὶ
555 1622 593 1660 τα
610 1623 676 1660 retra
664 1595 758 1683 ’ἐςι.]
784 1594 892 1659 Multo
915 1596 946 1658 in
969 1593 1029 1658 tell
1028 1617 1042 1657 ο
1060 1593 1138 1679 flent

103 1693 222 1773 inania,
248 1693 281 1760 id
303 1696 357 1774 est,
381 1696 418 1759 Ite
444 1695 517 1760 bello
540 1712 638 1783 pauco
656 1699 745 1783 stent,
767 1721 835 1782 peeae
856 1721 916 1758 rem
937 1695 1027 1783 ipsam
1044 1691 1136 1779 coefi·

104 1793 196 1874 ciant,
217 1795 357 1882 pleraque
370 1795 458 1884 fiunt
480 1797 612 1884 opinione
633 1811 661 1861 et
689 1796 883 1881 retentatione.
934 1795 1136 1861 Proverqum

104 1909 252 1960 notatum
282 1896 484 1984 Diogeniano
497 1898 575 1962 Vll.
591 1900 652 1961 80:
687 1896 793 1962 Suidae
808 1921 877 1961 voc.
893 1901 1000 1978 Πολλοὶ
1014 1895 1133 1961 κενά-·.

103 2019 142 2061 ex
160 1999 304 2087 Polybio,
319 2000 411 2087 cujus
426 2003 519 2079 verba
537 2001 568 2064 in
586 2000 726 2064 editione
748 1999 930 2086 Schweigh.
946 1999 1044 2085 pofita
1065 1997 1139 2062 sunt

105 2101 231 2166 XXIX.
246 2103 278 2166 6.
301 2102 413 2169 T..IV.
434 2122 467 2188 p.
481 2107 565 2188 436:
589 2103 714 2188 copiose
733 2101 894 2166 illustravit
919 2103 1064 2166 Erasmus
1088 2102 1138 2166 A.

103 2201 179 2289 dag.
204 2227 235 2289 p.
253 2205 328 2288 787.
364 2206 406 2268 Et
426 2203 631 2291 Thucydides
651 2205 724 2268 usus
744 2204 786 2267 est
806 2205 868 2268 111.
885 2224 939 2289 30.
962 2218 995 2267 et
1015 2204 1138 2268 Aristo⁴

104 2305 184 2370 teles
200 2305 307 2370 Ethic.
322 2305 362 2369 ad
377 2305 570 2370 Nicomach.
587 2307 649 2371 ΙΙΙ.
666 2307 704 2386 8;
725 2308 793 2370 δοκεῖ
808 2311 866 2392 γὰρ
881 2302 945 2385 drot
956 2311 1059 2368 πολλοὶ
1073 2309 1138 2368 κενὰ

105 2414 153 2470 τοῦ
174 2407 302 2488 canipe·
326 2408 383 2471 ubi
398 2408 467 2491 jam
491 2407 526 2472 P.
541 2407 704 2472 Victorius
726 2407 928 2493 proverbium
950 2406 1139 2472 auetoritate

106 2507 303 2596 Thucydidis
329 2523 363 2574 et
390 2509 550 2573 Plutarchi
578 2508 711 2587 notavit,
737 2509 924 2573 Courment.
950 2532 982 2594 p.
1006 2511 1077 2572 166.
1104 2519 1139 2572 et

105 2607 270 2675 Diodorus
283 2610 411 2676 Siculus
426 2611 552 2675 XVIII.
570 2612 621 2674 86.
637 2608 693 2674 ubi
711 2609 925 2675 consulendus
938 2611 981 2673 est
995 2611 1030 2674 P.
1042 2609 1138 2674 Wes-

106 2708 267 2797 seliugius,
285 2727 318 2776 et
333 2734 388 2801 qur
378 2712 443 2776 ab
462 2734 501 2776 eo
515 2711 666 2775 citantur.
704 2711 890 2775 {minutavit
903 2710 1139 2797 Theophrastus

108 2813 193 2931 apud
214 2814 395 2898 Diogenem
419 2816 525 2878 Laert.
541 2815 581 2877 V.
604 2833 667 2893 41.
700 2816 732 2877 τὸ
754 2815 780 2876 δί
802 2816 874 2876 κενὸν
897 2821 944 2876 τοῦ
968 2813 1029 2893 βοόυ
1049 2818 1140 2879 πλεῖον

107 2919 143 2975 'tir
157 2915 348 3001 συμφέροντος.

108 3015 257 3093 ·41.B.
279 3015 461 3099 πλάσματα]
488 3016 582 3079 Forte
600 3015 715 3078 rectius
730 3014 856 3101 legatur
867 3015 1002 3097 πλασμα
1024 3029 1062 3079 ut
1080 3016 1139 3081 ha·

109 3113 187 3176 hent
211 3114 250 3179 C.
264 3115 308 3180 D.
324 3114 440 3180 Vener.
471 3112 573 3198 Gestus
596 3117 726 3179 vertitur
745 3119 889 3201 Amyoto
907 3132 940 3179 et
962 3116 1140 3202 Xylandro,

110 3215 185 3279 attio
211 3215 378 3280 Cruserio:
402 3216 490 3302 atqui
513 3217 555 3280 est
568 3215 717 3301 formatio
739 3217 819 3280 vocis
840 3219 884 3280 ad
896 3219 1082 3304 sacertotem
1105 3247 1141 3285 oe
1168 3278 1175 3287 .

109 3317 360 3383 modulationem:
383 3334 420 3381 ut
432 3321 563 3382 πλάτῖοο
576 3323 623 3395 τὴν
637 3324 721 3399 φωνὴν
735 3321 777 3382 cst
792 3344 888 3383 cotem
904 3319 1052 3407 effingere,
1065 3324 1140 3408 sor·¹

109 3447 202 3501 more,
213 3422 381 3509 figurare:
407 3419 448 3485 05
463 3433 591 3484 terrerum
610 3424 696 3509 pueri
711 3421 888 3507 balbumque
905 3436 992 3509 poeto
1002 3424 1140 3511 figurat,

110 3522 197 3607 quod
212 3521 368 3586 Horatius
383 3520 464 3586 dixit
480 3523 541 3607 Ep.
555 3521 598 3584 11.
615 3541 642 3584 1.
662 3542 855 3607 quemquam
870 3521 981 3586 latiore
997 3525 1139 3591 notione.

109 3623 209 3688 Vocis
223 3623 436 3688 conformatio
451 3622 545 3687 fiebat
561 3622 695 3687 maximo
711 3622 842 3706 quidem
857 3624 1073 3706 exercitatione,
1088 3625 1143 3692 sed

110 3725 207 3788 etiam
223 3724 410 3811 potionibus:
433 3737 530 3809 atque
545 3723 585 3788 de
609 3722 658 3787 his
679 3724 762 3788 reete
777 3725 899 3809 accepit
919 3747 1057 3812 maguus
1074 3727 1140 3793 Ca·

110 3826 268 3890 saubonus
291 3824 426 3889 Perfium
449 3826 634 3908 Sot.1.17:
660 3823 734 3888 Sede
747 3825 825 3912 teges
844 3826 929 3911 cetje'e,
950 3826 1062 3914 liquido
1078 3810 1148 3892 cum'

108 3923 252 4013 plasmate
269 3938 378 4012 guttur
397 3925 513 3990 Mobile
528 3927 672 3989 tollereris.
708 3929 754 3990 At
773 3926 954 4012 simpliciter
967 3926 1008 3991 de
1022 3930 1142 3993 forma·

112 4028 199 4092 tione
224 4042 257 4092 et
285 4029 418 4092 flexione
446 4029 605 4114 usurpavit
627 4028 862 4115 Quinctiliauus
885 4029 958 4092 Inst.
983 4030 1039 4094 Or.
1057 4032 1082 4094 1.
1099 4030 1140 4095 8:

113 4129 161 4196 Sit
184 4141 282 4192 aurem
306 4128 337 4192 ἑο
357 4129 460 4218 primis
485 4131 567 4193 teeeio
588 4129 700 4206 virilis,
723 4141 751 4192 et
766 4154 830 4194 cem
841 4130 998 4215 suovetate
1012 4131 1143 4218 quadarn

109 4230 242 4321 gravis:
266 4243 294 4294 et
310 4251 369 4296 non
387 4231 503 4321 quidem
522 4232 617 4321 prosto
629 4231 752 4318 fimitis,
775 4231 847 4321 quio
870 4255 985 4296 carmen
1000 4230 1048 4320 est,
1066 4236 1144 4323 etse
1224 4282 1226 4286 -
