2684 4762
152 276 211 377 iss
288 318 329 376 u.
343 317 394 376 w.
414 316 623 377 aruuaov.
643 317 691 377 m
712 316 943 394 enormem
965 318 1039 376 un.

149 482 282 563 σφιγγός,
303 504 323 544 a
339 481 503 565 Stephano
525 479 756 559 introductum,
779 493 812 544 et
829 481 870 544 ab
888 503 956 544 uno
977 480 1081 543 nostro
1102 479 1183 545 libro

152 580 220 644 Pol.
236 582 471 662 confirmatum,
494 581 623 669 reliquis
636 583 794 647 'omnibus
811 586 919 668 νωγγός
934 582 1179 647 exhibentibus:

150 704 226 745 nam
240 683 342 747 codex
356 684 389 746 D
402 685 442 748 ab
456 683 548 749 initio
562 683 657 770 hujus
671 685 769 749 libelli
782 686 880 771 usque
894 684 934 748 ad
954 708 986 770 p.
1002 704 1056 768 31.
1072 686 1111 746 E.
1127 707 1183 747 ex·

151 783 241 848 cidit.
285 783 418 848 Dictum
441 808 505 849 non
529 785 605 849 alibi
627 786 659 850 in
682 788 836 851 Veterum
859 787 981 871 scriptis
1002 786 1183 871 deprehen·

150 886 269 951 dimus.
312 887 530 975 Hieronymus
545 889 685 954 Wolfius
706 888 740 952 in
760 892 884 954 Annot.
900 888 941 952 ad
960 888 1120 953 AEscbinis
1136 890 1183 952 0·

150 1002 209 1053 rat.
225 987 265 1052 de
280 988 366 1053 Falsa
380 988 557 1074 Legatione
576 1011 609 1076 p.
623 992 716 1073 1326.
736 989 851 1076 inquit,
875 996 899 1028 “
915 990 1096 1053 Plutarchus
1112 990 1185 1052 citat

151 1096 177 1129 “
191 1090 346 1155 iambicum
361 1090 537 1170 trimetrum,
554 1088 599 1154 Ὦ
615 1092 785 1174 παιπάλημα
798 1094 902 1176 λυγκὸς
915 1092 1103 1178 asoarium?
1119 1114 1184 1155 non

149 1191 204 1259 ille
226 1193 354 1279 quidem
382 1193 454 1256 libri
476 1193 611 1281 alicujus
638 1194 839 1272 austoritate,
866 1194 918 1258 sed
945 1207 1002 1258 aut
1030 1194 1185 1258 memoria

149 1295 315 1382 deceptus,
344 1311 401 1359 aut
423 1293 519 1360 tacita
542 1295 724 1384 conjestura
747 1297 920 1382 corrigens.
964 1295 1123 1382 Equidem
1147 1312 1185 1361 ut

148 1399 306 1484 μηχάνημα
319 1415 352 1462 et
368 1399 538 1480 παιπάλημα
552 1398 628 1463 huic
642 1399 716 1463 loco
730 1398 891 1478 convenit,
907 1397 952 1462 ita
965 1397 1046 1462 illud
1062 1398 1093 1461 in
1109 1421 1182 1463 om·

150 1499 257 1578 nibus,
278 1499 393 1564 hocin
413 1499 502 1564 nullo
523 1501 566 1564 est
586 1501 688 1564 libro:
712 1499 838 1586 quodsi
858 1501 891 1564 in
911 1523 977 1564 uno
996 1500 1183 1586 reperiatur,

150 1599 386 1689 preferendum
411 1599 457 1664 illi
484 1599 629 1666 videatur
656 1601 822 1687 exquisita,
845 1601 975 1666 nomine
1002 1600 1184 1688 elegantiae,

151 1702 193 1768 de
207 1725 271 1790 qua
284 1702 450 1767 videantur
462 1703 617 1791 Taylorus
631 1702 673 1767 ad
690 1701 850 1768 AEschinis
868 1704 959 1768 Orat.
973 1718 1184 1769 memoratam

149 1826 183 1892 p.
205 1825 270 1891 33:
302 1807 492 1891 lnterpretes
519 1805 561 1871 ad
587 1804 788 1893 Hesychium
815 1804 850 1869 in
874 1827 952 1870 voce
980 1805 1181 1888 Παιπάλημαι

151 1907 383 1973 Valckenarius
397 1906 438 1971 ad
451 1905 611 1995 Euripidis
624 1906 760 1994 Hippol.
776 1929 808 1993 p.
823 1907 897 1974 208.

195 2013 246 2074 16.
261 2012 300 2074 E.
322 2009 485 2090 drrlsrdnrm
504 2010 555 2092 pir
576 2015 648 2073 atri
669 2008 807 2092 φοένμένε
826 2012 872 2073 τὸν
885 2012 1058 2095 Ποσειδῶνα]
1085 2008 1183 2075 Resti-

150 2122 223 2176 tuto
237 2117 309 2175 αὑτὲ
323 2134 380 2198 pro
395 2115 479 2191 αὐτῦ,
493 2133 557 2175 non
572 2109 783 2175 desideramus
794 2111 1003 2176 correctiones
1016 2111 1065 2176 vel
1082 2113 1182 2177 Kreb-

149 2214 183 2277 fii
197 2211 261 2299 ᾅδν,
276 2213 326 2277 vel
344 2212 458 2277 Reissrii
473 2211 506 2275 alr
519 2220 578 2292 τοῦ,
593 2212 643 2276 vel
656 2211 773 2297 Toupii
787 2219 835 2274 τοῦ
849 2210 890 2275 ad
907 2211 1047 2301 langiu.
1063 2234 1097 2298 p.
1113 2229 1182 2296 171.

149 2315 238 2379 Nam
252 2313 327 2399 quia
348 2312 403 2376 illo
426 2312 563 2376 Homeri
583 2310 669 2390 loco,
690 2333 788 2396 quem
810 2312 962 2398 fignificat
982 2312 1181 2390 Plutarchus,

150 2416 243 2481 Iliad.
264 2423 304 2480 Υ.
327 2419 380 2481 60.
404 2415 496 2480 Plato
517 2416 599 2479 timet
621 2438 657 2478 ne
680 2413 845 2502 Neptunus,
861 2428 950 2502 rapta
972 2428 1065 2496 terra,
1089 2441 1184 2481 orcum

150 2521 295 2606 detegeret
309 2520 366 2582 diis
380 2519 616 2606 hominibusque:
639 2519 671 2582 in
693 2519 825 2605 proclivi
841 2531 909 2583 erat
926 2517 1074 2604 suspicari
1095 2518 1181 2582 Plut-

150 2620 283 2685 archum
312 2621 389 2684 item
416 2619 457 2683 de
486 2621 621 2685 Plutone
642 2619 777 2684 timente
803 2622 997 2705 Neptunum
1020 2618 1181 2704 cogitare:

151 2722 205 2788 cui
227 2723 416 2810 cogitationi
438 2722 554 2789 rectius
576 2723 743 2788 conveniat
761 2731 809 2785 τοῦ
830 2720 893 2808 ᾅδω,
912 2722 961 2786 vel
982 2721 1112 2806 fimplex
1125 2729 1181 2800 τοῦ,

149 2846 248 2910 quam
270 2825 436 2911 vulgatum
459 2829 554 2903 αὑτοῦ,
577 2839 634 2887 aut
656 2823 841 2909 ipsumhoc
864 2847 884 2887 a
907 2823 997 2887 nobis
1016 2837 1181 2907 receptum

149 2933 244 2990 αὑτοῦ.
281 2926 383 3013 Atqui
397 2926 458 2991 hoc
473 2928 576 3014 ipsum
591 2949 690 2991 nexus
708 2926 871 2990 sententie
885 2925 1040 3012 postulat:
1065 2925 1182 3011 quippe

149 3028 251 3093 sermo
263 3029 308 3094 est
321 3028 362 3092 de
375 3028 514 3115 legente,
530 3028 584 3116 qui
609 3051 673 3093 non
692 3030 726 3103 ὠς
744 3033 835 3104 ἀληθῆ
856 3025 1048 3113 προσδέχεται(
1067 3028 1113 3088 τὸν
1132 3026 1181 3088 λα’·

148 3155 213 3214 γον,
226 3128 340 3215 γοητείᾳ
350 3135 397 3206 τῆς
411 3136 567 3209 ποιητικῆς,
582 3130 700 3217 magica
715 3130 750 3192 vi
768 3129 878 3216 poeseos
896 3128 926 3191 in
946 3126 1116 3212 phantafiae
1132 3150 1181 3190 cr·

149 3255 252 3296 rorem
267 3255 332 3296 non
346 3232 530 3319 abripiatur,
543 3244 580 3296 ut
595 3232 678 3317 quasi
693 3230 835 3296 Plutonis
851 3230 1017 3314 personam
1032 3252 1069 3293 ac
1084 3229 1181 3305 timo,-

149 3356 216 3398 rem
231 3335 387 3422 suscipiat,
400 3333 494 3421 sedse
505 3334 564 3421 ipse
576 3333 781 3420 reprehendat,
798 3330 817 3393 sr
834 3331 916 3395 sorte
929 3331 984 3395 isle
999 3330 1096 3396 timor
1107 3355 1182 3397 eum

150 3435 288 3500 incedat.
331 3439 441 3521 Atque
456 3437 526 3500 haec
541 3432 720 3518 descriptio,
736 3444 774 3497 ut
792 3431 946 3511 sublimis,
962 3431 1006 3495 ita
1018 3434 1130 3498 efficax
1143 3433 1182 3497 ad

149 3537 292 3600 annnam
317 3535 454 3623 legentis
478 3550 596 3600 terrore
623 3532 861 3620 percellendum
889 3547 923 3597 et
950 3533 1050 3619 impio
1079 3557 1184 3600 errore

150 3634 373 3713 imbuendum,
396 3634 428 3697 in
451 3633 561 3718 primis
583 3657 602 3697 a
623 3632 773 3719 Longino
788 3631 827 3695 de
845 3632 982 3696 Sublim.
998 3634 1058 3696 IX.
1082 3633 1183 3699 inter-

151 3736 248 3822 pretis
263 3734 445 3798 cautionem
462 3735 615 3820 postulare
632 3733 807 3820 judicatur.
843 3734 971 3797 Notum
993 3734 1036 3797 est
1060 3739 1182 3817 ἐπιλαμ-

150 3836 270 3916 θᾶνεῶνξ
293 3862 374 3915 τινος,
400 3836 538 3922 aliquan,
560 3835 656 3899 veluti
684 3860 776 3900 manu
804 3835 923 3924 injecta,
953 3837 1181 3923 reprehendere:

149 3939 257 4006 minus
279 3938 360 4004 forte
384 3951 497 4002 notum
518 3938 553 4000 stt
572 3936 798 4020 matapsoirrslor
817 3945 925 4016 ἑαυτοῦ,
936 3939 1067 4025 seipsam
1083 3955 1181 4027 repre-

148 4043 285 4106 hendere.
323 4039 425 4126 Atqui
440 4040 480 4103 src
496 4037 682 4103 Plutarchus
701 4039 787 4124 Opp.
807 4040 894 4102 Mor.
910 4060 942 4124 p.
956 4055 1032 4122 447.
1048 4041 1098 4105 A:
1122 4067 1180 4104 rn-

149 4141 211 4204 r'rrsr
230 4147 269 4213 351
289 4146 337 4215 τῆς
356 4141 450 4224 ψυχῆς
467 4136 481 4199 ὃ
497 4136 621 4220 πέφυκεν
642 4142 779 4220 ἐπιθυμεῖν
800 4136 847 4216 xo)
867 4145 1016 4218 μετανοεῖν,
1036 4140 1181 4228 ὀργίζεθᾳν

150 4241 196 4324 aa}
210 4242 329 4325 ludestorp,
344 4241 462 4329 φίρεθμν
474 4243 539 4331 πρὸς
551 4242 584 4310 td
599 4245 699 4331 αἷχςόν
717 4245 759 4328 ὑφ’
776 4244 875 4325 ἡδονῆς,
896 4241 918 4329 qi,
938 4242 1080 4330 φερομένης
1096 4242 1180 4309 πάλιν
