2684 4762
91 303 93 306 ⁴
146 373 156 387 .
193 346 197 356 ·
241 325 859 389 onnrscnnnnnmnenmco.
878 328 1010 410 ponc.
1078 336 1136 388 nr
1176 412 1183 428 .

114 489 328 574 disputatione
342 489 461 556 Teletis
475 491 561 576 apud
579 491 669 556 Stob.
686 493 787 555 Serm.
802 489 907 556 XCV.
928 513 961 576 p.
974 506 1051 576 523,
1065 508 1141 575 524.

116 593 168 654 De
184 591 379 678 Cynicorum
395 592 486 656 cultu
503 591 558 657 seu
576 593 684 679 potius
702 591 860 670 nuditate,
875 592 943 677 qui,
957 592 1020 657 fine
1035 592 1145 656 tunica

116 705 149 755 et
171 692 296 771 calceis,
317 692 418 757 solum
440 691 602 762 habebant
619 692 753 779 pallium
772 691 902 778 duplex,
921 691 997 757 alibi
1017 691 1145 758 dicendi

116 791 178 856 erit
196 792 298 857 locus.
346 796 474 860 Nomen
493 794 697 882 τςιὸαιοφομία,
722 808 839 879 praeter
860 794 959 874 hune,
981 815 1048 863 ttno
1073 796 1146 860 loco

118 894 203 979 apud
228 895 433 960 Plutarchum
457 897 500 959 est
528 896 598 961 lfid.
623 909 658 961 et
679 897 757 962 ofir.
783 917 817 982 p.
831 894 976 982 352.'C:
1006 895 1066 960 οὔτε
1088 900 1146 984 γὰρ

115 1000 277 1082 φιλοσόφους
296 1002 537 1088 σωγοονσιςοφῖας,
563 998 586 1064 ol
609 1000 704 1080 Κλέα,
728 1000 751 1087 ‘l
771 998 971 1088 τμιὸσινοφομίας
997 1007 1145 1064 vendent

116 1112 151 1162 et
171 1102 303 1165 verbum
325 1099 536 1187 τςιὸαιοφορέο,
554 1122 630 1166 mox
654 1101 715 1167 hoc
736 1101 864 1190 pagina,
880 1105 918 1167 E.
954 1102 1028 1167 Alia
1049 1100 1147 1166 etiam

117 1201 178 1264 hnc
191 1201 232 1265 de
247 1224 280 1265 re
296 1202 425 1286 potsunt
441 1200 506 1289 legi
521 1202 606 1288 opud
619 1204 661 1268 0.
678 1203 855 1268 Ferrarium
869 1204 921 1267 De
936 1203 984 1267 Re
996 1203 1149 1268 Vestiaria

122 1306 203 1366 l'art.
221 1304 265 1366 ll.
288 1303 360 1367 Lib.
378 1304 437 1368 lV.
460 1317 494 1367 et
510 1304 560 1366 Cl.
577 1302 762 1368 Salmasrum
785 1303 826 1367 ed
846 1302 1079 1377 Tertullianum
1096 1303 1149 1369 De

120 1403 218 1468 Pallio
241 1425 274 1489 p.
290 1405 343 1488 65.
359 1404 410 1469 82.
445 1403 607 1488 Ἀδιαφομία
630 1403 727 1468 etiam
747 1403 780 1466 ιίι
802 1427 850 1467 ore
868 1402 918 1488 est,
938 1402 1150 1467 indifferentia

117 1525 194 1589 erga
215 1526 265 1567 res
286 1517 444 1581 externas,
468 1524 527 1567 nec
549 1503 650 1568 bonas
670 1523 731 1568 neo
749 1502 858 1581 malae,
880 1502 1018 1567 Aristoni
1039 1501 1149 1568 Stoico

118 1617 187 1668 erat
207 1607 371 1673 summum
395 1605 528 1682 honum,
557 1605 632 1668 teste
657 1604 826 1682 Cicerone,
853 1603 1008 1668 Academ.
1027 1604 1071 1667 11.
1086 1621 1146 1685 42:

120 1705 204 1769 Huic
219 1706 371 1792 summum
396 1704 500 1768 bonum
522 1704 561 1789 cst
583 1706 615 1767 in
637 1706 683 1767 ln's
706 1706 792 1770 rebus
819 1706 850 1766 in
873 1716 1009 1768 neutram
1034 1715 1150 1791 partem

120 1807 242 1870 moeri.
277 1807 354 1891 Quo
367 1805 440 1868 loco
456 1805 536 1868 Huic
551 1804 771 1890 accipiendum
786 1803 931 1890 Ariston,
946 1827 1011 1868 non
1025 1806 1150 1885 Zenoni,

120 1918 159 1968 ut
178 1903 255 1969 lecit
274 1906 306 1967 J.
323 1904 474 1987 Uptonuo
489 1903 599 1966 Indice
616 1902 767 1989 Epicteti,
782 1903 839 1967 ubi
853 1917 1004 1967 ceterum
1019 1901 1059 1967 de
1075 1901 1150 1967 Phi·

121 2003 329 2089 losophorum
349 2003 711 2088 profeffioneolrapoploee
726 2002 894 2089 complure
911 2015 1018 2067 notat:
1039 2004 1150 2068 eonfe-

122 2121 211 2171 ratur
239 2105 404 2191 Diogenee
430 2105 577 2169 Laertius
607 2106 685 2168 Vll.
714 2107 787 2168 160.
822 2104 929 2190 ibique
964 2105 1149 2192 Menagiue.

123 2207 236 2291 Σχῆμα
251 2208 418 2291 praeleram
432 2205 523 2268 elteri
541 2204 680 2283 leoboni,
697 2227 889 2292 quamquam
906 2227 947 2270 ne
960 2205 1007 2269 illi
1022 2206 1152 2292 quidem

124 2309 306 2394 spemendae
318 2315 433 2397 χςῖςμα,
448 2319 537 2372 totum
551 2308 698 2395 negotium
713 2308 752 2393 est
767 2306 858 2396 pallii
870 2307 994 2394 gestatio
1008 2320 1036 2371 ct
1043 2309 1151 2396 jaeta—
1277 2391 1279 2399 Ι

123 2412 163 2475 tio
190 2410 400 2496 indifferentiae
427 2434 463 2473 σο
490 2432 674 2473 numerorum
702 2409 975 2497 triangulommque
1004 2408 1152 2473 Platonis.

125 2514 190 2579 Sed
211 2520 296 2599 χῆμα
318 2511 482 2600 proprium
505 2511 571 2577 fere
591 2512 633 2575 est
653 2511 694 2576 de
709 2511 821 2576 habitu
836 2526 870 2577 et
886 2510 996 2575 vessitu
1010 2510 1151 2576 Philoso-
1200 2552 1203 2563 ·

125 2617 275 2703 phorum.
312 2617 364 2683 Sic
386 2616 418 2680 in
439 2618 491 2681 De
508 2615 655 2681 Prolcdlu
674 2615 794 2680 Virtut.
818 2636 851 2700 p.
867 2615 919 2678 81.
935 2615 981 2678 B:
1003 2622 1057 2676 τῶν
1073 2627 1153 2696 φιλο·
1194 2643 1198 2654 ·
1269 2625 1272 2639 ·

124 2723 216 2802 σοφοῖν
236 2719 395 2801 βολομίιαι
408 2717 470 2783 ιείον
490 2724 514 2781 οἱ
532 2717 644 2799 μάλιςοι
657 2718 725 2780 κενοὶ
744 2717 765 2803 οὲ
783 2716 868 2800 βάρος
881 2720 928 2779 οὐκ
944 2714 1064 2802 ἔχοντες,
1078 2715 1153 2803 &goi-

124 2845 172 2894 σος
186 2819 271 2904 ἷχεσι
286 2823 307 2905 ’l
322 2827 405 2904 χῆμοι
422 2821 443 2905 ‘l
462 2821 590 2902 βάδισμα
607 2821 629 2905 οὲ
646 2819 794 2903 σιμὸσοοσον
808 2819 955 2906 ὑπεροψίας
969 2819 991 2904 οὲ
1007 2816 1154 2904 ὀλιγωρίας

125 2921 217 3002 μιςόν·
242 2921 320 2984 item
343 2922 396 3001 84.
411 2924 450 2983 E.
487 2920 666 3005 Alciphron
686 2920 718 2983 in
738 2920 875 3006 Epistola
887 2918 1018 2983 Thaidis
1032 2918 1072 2982 ad
1087 2923 1153 2984 Eu·

127 3019 319 3106 thydemum
337 3021 363 3081 l.
374 3038 433 3103 34:
456 3021 510 3095 Ἐξ
524 3018 553 3080 οὗ
568 3022 720 3100 φιλοσοφεῖν
731 3018 884 3095 incedam,
899 3018 994 3100 σεμνός
1007 3044 1048 3091 τις
1062 3017 1153 3103 ἔγίοα,

126 3122 149 3206 ’l
170 3125 220 3194 τὰς
241 3124 317 3206 ὀφρῦς
339 3121 402 3204 ὑπὲρ
419 3120 480 3193 τοὺς
496 3120 633 3206 κφοσίιφιις
654 3123 760 3204 irripere·
785 3118 845 3181 εἶτα
864 3125 947 3203 χῆμαι
966 3118 1038 3204 ἔχων
1056 3147 1078 3205 ’l
1096 3121 1154 3197 βο·

129 3221 230 3285 &nidmu
251 3226 325 3303 μετὰ
347 3225 456 3307 χέιφας,
479 3225 514 3294 οἷς
536 3224 583 3297 τὴν
603 3219 775 3301 Ἀκαδημίαν
797 3218 903 3294 coeris:
935 3219 992 3284 ubi
1014 3220 1156 3286 videatur

129 3326 178 3389 St.
193 3321 374 3408 Bergleruo.
410 3321 588 3385 Athenaeuo
603 3322 663 3384 XI.
683 3341 717 3405 p.
731 3335 807 3406 509.
830 3319 1009 3406 elegantem
1024 3322 1156 3407 apponit

128 3426 270 3514 Ephippi
285 3425 413 3490 Comici
433 3425 552 3503 locum,
575 3424 661 3489 unde
680 3438 812 3511 apparet
834 3425 973 3489 Platonis
986 3425 1155 3512 discipulo·

128 3551 205 3592 cum
223 3528 324 3592 barba
338 3525 557 3590 delicatiorem
569 3524 714 3588 habitum
729 3525 935 3611 conjunxille,
954 3548 1012 3590 nec
1025 3524 1156 3612 σμίὸαιοι,

129 3628 182 3692 scd
207 3627 334 3714 χλανίδα
359 3626 489 3691 indutos
518 3625 625 3690 fuisse:
654 3646 749 3710 quem
778 3625 883 3689 locum
906 3627 1157 3695 emendatiorem

130 3726 232 3792 edidit
253 3729 299 3791 H.
317 3726 449 3790 Grotius
468 3729 618 3812 Excerpt.
638 3726 764 3791 Comie.
784 3748 818 3812 p.
833 3729 907 3810 677.
929 3727 975 3790 ita
996 3743 1102 3794 tamen
1121 3743 1158 3795 ut

129 3828 198 3892 aliie
213 3828 333 3914 aliquid
346 3826 587 3913 expurgandum
603 3827 812 3913 relinqueret:
835 3828 933 3893 veluti
950 3841 1034 3894 certe
1051 3830 1110 3894 hae
1124 3827 1157 3895 in
1247 3886 1253 3891 .

131 3928 297 4013 posteriore
310 3942 411 4013 parte,
427 3951 499 4012 quae
513 3929 687 4014 imaginem
702 3929 909 3995 adolescentie
924 3930 1103 4018 Philosophi
1117 3933 1159 4000 ad

132 4028 304 4093 dicendum
318 4028 474 4114 surgentis
488 4029 650 4094 continet:

218 4132 260 4196 Ed
275 4134 325 4213 μὲν
337 4133 471 4219 μαχαίρᾳ
484 4133 542 4210 ἔσς’
557 4133 630 4219 ἔχων
643 4134 827 4219 τριχώματα,

217 4231 259 4296 Eri
276 4234 296 4295 δ’
313 4232 464 4308 ὑποκαθιεὶς
480 4230 573 4314 ἄτομα
586 4232 722 4317 πώγωνος
735 4236 837 4314 βάθος
