2684 4762
230 329 284 394 DE
297 329 482 393 hiscant.
498 333 620 392 ADUL.
631 334 686 391 AB
699 335 843 395 muco.
856 336 942 413 pan.
952 334 1031 410 ΠΕ.
1084 344 1144 409 457

117 499 315 583 παρατιθέντα
333 498 429 581 (torte
443 495 652 585 περιτιθέντα).
689 496 766 562 Alia
778 497 819 562 de
833 520 868 563 re
880 511 914 562 et
930 499 1062 564 nomine
1078 503 1145 564 ε’ντο-

114 598 262 682 ιιομὲζεῶας
276 598 422 662 dabimus
435 620 511 662 mox
523 596 564 661 ad
580 600 618 661 Ε.

159 698 213 780 56.
230 699 274 760 D.
297 697 422 759 Πλάτων
436 699 500 777 psol
517 701 563 760 τὸν
575 698 730 784 iassib]
756 699 894 785 Republ.
907 700 950 765 V.
970 722 1003 787 p.
1016 703 1092 783 466.
1107 703 1146 767 E.

119 799 309 863 Notavimus
324 799 417 884 supra
432 822 464 885 p.
475 820 529 880 44.
545 801 581 865 F.
1125 878 1128 885 ¹

159 902 214 983 56.
224 902 262 962 E.
285 904 332 976 τὴν
350 899 518 981 Πτολεμαίιε
533 899 854 987 θηλύτηῙα-λατςεὶαν]
877 901 958 964 Haec
979 900 1020 964 ad
1041 902 1147 968 Ptole-

118 1022 237 1063 maeum
262 1002 320 1064 IV.
346 1001 582 1085 Philopatorem
605 1001 713 1064 referri
736 1001 875 1065 debent:
902 1001 943 1065 de
964 1001 1056 1088 cujus
1077 1002 1149 1066 lux·

119 1102 188 1164 uria
208 1101 417 1188 prodiderunt
440 1102 590 1189 Polybius
604 1103 646 1166 V.
661 1122 717 1186 34.
752 1102 919 1187 Excerptis
931 1102 1036 1166 Vales.
1051 1125 1089 1167 ex
1108 1101 1148 1167 li·
1254 1188 1259 1197 Ι

118 1207 176 1271 bro
194 1208 292 1271 XIV:
316 1207 454 1271 tustinus
475 1207 583 1270 XXX.
607 1226 644 1269 1:
672 1230 825 1270 -οοινιννιι
843 1205 1078 1293 magnitudinem
1095 1231 1149 1271 no-

117 1308 204 1371 minis
219 1333 254 1371 ac
269 1306 426 1394 majestatis
442 1308 559 1388 oblitus,
574 1315 669 1370 nodas
684 1307 716 1371 in
726 1306 853 1395 stupris,
868 1308 930 1371 dics
952 1309 985 1371 in
1005 1308 1152 1373 conviviis

117 1413 266 1498 consumit.
294 1412 460 1475 Addunlar
474 1409 664 1496 astrumenta
678 1409 821 1491 luxuria,
833 1422 973 1498 tympema
987 1425 1016 1476 et
1028 1426 1151 1500 crepun-

117 1514 194 1576 dia:
217 1538 269 1577 nec
281 1515 351 1597 jam
361 1514 513 1600 spoliator
525 1538 589 1591 rex,
600 1514 662 1599 sed
678 1511 816 1599 magister
829 1513 981 1601 nequitiae,
995 1538 1153 1579 nervorum

116 1616 326 1679 ohlctlamenta
341 1615 524 1680 modulatur.
560 1616 640 1679 Haec
656 1618 749 1704 primo
764 1616 929 1681 laborantis
944 1618 1038 1703 regiae
1050 1618 1154 1681 tacita

113 1716 203 1804 pestes
219 1730 246 1779 ct
261 1717 372 1782 occulta
384 1717 466 1780 malo
476 1718 579 1803 fuere.
611 1719 768 1797 Dixerim,
784 1741 824 1782 ex
838 1718 952 1782 eodem
968 1720 1057 1782 sonte
1069 1717 1151 1782 bau-

119 1820 181 1882 fille
197 1818 406 1883 Plutarchum
419 1832 516 1904 atque
529 1821 688 1904 Trogum:
710 1832 744 1882 et
759 1819 845 1904 quod
860 1820 892 1882 in
907 1818 1002 1905 hujus
1017 1820 1152 1905 prologo

118 1919 173 1996 est,
193 1930 303 1980 mortno
323 1918 481 1981 Ptolemaeo
506 1917 711 2006 Utrnsphonae,
722 1918 815 2005 filins
836 1920 897 2004 ejus
916 1918 1091 2005 Philopator
1104 1942 1152 1982 rr·

114 2043 184 2105 gem
201 2018 378 2083 Antiochum
391 2019 477 2097 vicit,
501 2020 558 2082 ubi
577 2020 723 2084 vitiosum
747 2041 864 2084 nomen
883 2021 1077 2107 Utrnsphonae
1090 2020 1151 2085 bo·

119 2123 221 2186 mines
243 2121 330 2186 dosii
352 2121 499 2185 certatim
522 2135 688 2186 mutarunt
707 2123 873 2208 Tryphone;
897 2121 989 2186 nobis
1003 2121 1091 2186 aliud
1103 2121 1152 2186 la·

120 2235 187 2285 tere
209 2220 345 2299 videtur,
367 2235 453 2285 certe
476 2242 656 2307 cognomen
681 2221 844 2308 Tryphonis
866 2221 972 2306 potius
994 2222 1153 2307 assignan-

119 2320 198 2385 dum
228 2319 435 2406 Philopatori,
464 2334 503 2385 ut
526 2320 644 2384 Plinius
668 2319 765 2385 habet
790 2320 872 2384 Hist.
899 2323 977 2385 Nat.
998 2323 1075 2387 VII.
1095 2325 1152 2408 56.

120 2424 312 2488 Ptolcmaeum
332 2422 561 2511 Philopatorem,
578 2422 630 2508 qni
650 2421 787 2510 Tryphon
805 2421 1024 2508 cognominatus
1039 2423 1096 2508 est:
1119 2438 1154 2488 et

119 2527 234 2612 probat
247 2530 279 2593 J.
293 2525 477 2591 Perizonius
491 2524 531 2590 ad
545 2525 710 2590 AElianum
725 2527 802 2590 Var.
817 2524 899 2588 Hist.
917 2525 1009 2589 XIV.
1023 2543 1079 2609 31·
1110 2527 1154 2589 Et

118 2642 211 2715 pater
231 2631 408 2715 Euergetes
431 2626 606 2714 diligentiae
632 2626 875 2713 prudentiaeque
897 2626 1025 2690 laudern
1048 2627 1152 2692 habu-

117 2743 209 2795 eretz
232 2752 297 2817 quo
312 2743 454 2807 mortuo,
472 2728 528 2793 filii
550 2728 709 2816 regiaque
724 2750 829 2794 mores
847 2727 887 2792 ad
901 2728 1059 2792 luxuriem
1072 2750 1151 2794 con-

118 2832 193 2895 versi
216 2831 301 2910 sunt,
325 2845 360 2894 ut
383 2829 496 2894 diserte
519 2829 584 2916 ipse
605 2829 713 2914 prodit
727 2828 915 2893 Plutarchus
930 2829 962 2892 in
979 2829 1153 2897 Cleomene

119 2952 152 3015 p.
164 2934 237 2997 820.
252 2932 307 2994 D:
331 2932 408 3013 ipis
422 2933 480 3017 γοὶς
500 2931 632 3008 βασιλεὺς
653 2931 734 3002 αὐτὸς
748 2928 817 2991 οὗτοι
831 2927 974 3012 διέφθαρτο
991 2933 1039 3007 τὴν
1058 2932 1153 3015 *lvxi*

121 3037 170 3099 riri
183 3042 322 3119 γυναικῶν
335 3033 382 3113 καὶ
394 3034 494 3111 τᾶταιν,
509 3031 573 3112 dm,
587 3032 666 3096 ὁπότε
680 3033 752 3115 ripn
765 3033 877 3115 μάλιςα
892 3034 940 3096 καὶ
953 3033 1153 3110 στεδαιότατος

119 3139 202 3196 αὑτοῦ
221 3132 339 3218 γένοιτο,
353 3137 467 3206 τελετοὶς
480 3138 577 3211 τελεῖν,
598 3133 645 3194 καὶ
659 3132 796 3213 τύμπανον
810 3131 883 3216 ε’χωε
896 3136 923 3194 ir
935 3136 991 3223 τοῖς
1003 3132 1153 3211 βασιλείοις

119 3236 291 3323 ἀγείρειν-ω
314 3248 451 3321 uterque
465 3234 556 3299 alteri
575 3235 648 3300 loco
660 3234 751 3299 locus
765 3235 872 3300 lucem
886 3235 1001 3300 adfert.
1038 3236 1151 3324 Appa-

119 3349 169 3403 ret
190 3337 290 3414 enim,
317 3336 524 3401 Ptolemaeum
549 3337 629 3400 Dese
653 3334 785 3423 Cybela·
807 3336 931 3400 cultum
950 3337 1080 3424 ejusque
1103 3339 1152 3404 se·

119 3440 248 3506 misiros
273 3439 384 3504 Gallos
410 3439 586 3504 sacerdotes
610 3439 772 3503 imitatum
801 3439 922 3503 circum
947 3442 1051 3505 Deam
1076 3451 1151 3508 cu'm

119 3542 246 3607 ululatu
268 3541 428 3620 saltantes,
451 3556 485 3605 et
506 3541 616 3627 stipem
641 3563 661 3606 a
682 3540 909 3626 speaatoribus
935 3536 1151 3630 corrogantea,

120 3643 229 3723 idest,
251 3641 420 3731 ἀγείροντας,
444 3642 651 3706 mendicantes.
688 3642 812 3706 Eodem
833 3643 970 3729 pertinet
991 3645 1153 3710 Plutarchi

122 3746 246 3810 notatio
260 3744 469 3810 successorum
486 3743 672 3823 Alexandri,
687 3745 738 3809 De
753 3744 836 3808 Virt.
854 3745 948 3809 Alex.
970 3768 1003 3832 p.
1018 3749 1097 3832 338.
1110 3747 1151 3814 C.

119 3848 326 3929 τυμπανισμοὺς
348 3850 374 3909 ἐν
396 3845 573 3931 ἀνδρογῶοις.
611 3844 797 3932 Etymolog.
818 3847 869 3909 M.
888 3845 1010 3922 Γάλλος·
1034 3852 1152 3911 ὀψολο-

119 3945 217 4034 τᾶτονς
232 3949 421 4028 Πτολεμαῖος·
446 3948 490 4008 διαὶ
502 3947 534 4009 τὸ
548 3946 645 4029 μύλλοι
663 3953 760 4009 κισσοῦ
776 3946 958 4031 κατεςῖχὸας,
977 3951 1011 4021 ὠς
1028 3954 1052 4010 ol
1069 3948 1151 4013 Γάλ-

121 4061 176 4110 λοι·
200 4045 241 4110 s'ui
261 4050 319 4133 γὰρ
339 4051 401 4121 ταῖς
423 4052 616 4122 Διονυσιακαῖς
634 4052 760 4123 τελεταῖς
775 4055 865 4134 κισσῷ
881 4054 1072 4130 ἒςεφανοῦντοι
1096 4051 1152 4117 ubi

119 4146 292 4231 κατεςῖχθαι
304 4147 337 4211 in
357 4146 525 4232 κατεςίφθοο
547 4162 673 4212 mutare
688 4148 783 4236 jubet
802 4153 870 4215 lac.
886 4149 1006 4214 Tollius
1024 4148 1065 4214 ad
1082 4152 1150 4217 Lu

121 4249 205 4318 aiau.
227 4248 280 4318 De
300 4246 450 4319 cauno.
477 4251 509 4338 ἐ.
527 4268 558 4321 ν.
580 4251 620 4320 Τ.
642 4250 705 4318 111.
726 4271 762 4341 p.
780 4267 852 4338 127.
875 4272 939 4319 non
959 4253 1151 4339 persuadeor
