2684 4762
146 351 190 402 to
232 335 294 397 AN
295 330 440 396 IMADii⁴
454 333 500 403 ut
514 334 588 399 uu.
602 333 656 395 DE
668 329 842 403 iunctm
857 327 1094 401 PUERORUM.

149 498 249 564 Aliud
263 499 306 563 est
320 498 351 562 in
368 497 430 561 hoc
443 518 560 584 genere
574 519 638 560 non
652 494 757 559 minus
772 497 1004 582 praepcsterum.
1026 497 1174 583 Quantor

149 600 213 664 illae
227 611 331 685 partes
353 606 464 661 natura
486 598 539 661 sua
557 597 621 660 hoc
641 595 751 660 ordine
767 595 955 682 procedunt,
970 609 1010 662 ut
1023 598 1128 684 prima
1140 598 1173 661 fit

150 700 266 785 γένεσις,
282 697 417 764 secunda
429 702 523 785 τροφὴ,
545 697 637 763 tertia
655 701 768 782 ἀγωγὴ,
786 709 898 783 quarta
909 698 1037 761 παιδεία.
1076 699 1172 763 Mitto

145 800 214 886 jam
239 801 271 864 in
295 822 482 886 unaquaque
505 811 584 885 quot
606 799 800 884 quantosque
822 797 910 865 locos
931 798 1085 864 omiserit.
1125 798 1173 864 De

150 900 260 965 ordine
279 900 450 966 videamus.
481 900 588 972 Γένεσις
604 898 849 984 trattaturCnp.
864 900 1026 964 1.11.111.
1063 900 1173 964 Trans-

149 1001 177 1065 it
200 1000 348 1087 deinceps
371 1000 452 1087 Cap.
476 1002 534 1071 IV.
561 1001 602 1063 ad
624 1004 739 1084 ἀγωγὴν
762 998 969 1078 educationem,
992 1001 1067 1086 ssepi
1087 1001 1114 1062 u
1131 1007 1173 1075 τῆς

149 1107 265 1187 ἀγωγῆς
287 1099 332 1181 noi
355 1104 383 1178 ii
408 1098 528 1164 λικτὲον.
567 1101 680 1186 Cupite
702 1103 743 1164 V.
770 1100 811 1169 ad
832 1100 1022 1169 nutritionem
1042 1101 1172 1180 accedit,

151 1205 221 1289 Περὶ
235 1204 261 1265 ii
276 1208 371 1288 τροφῆς
386 1203 512 1286 ἒχόμενον
526 1200 559 1264 tt
572 1199 609 1277 εἴη
624 1201 735 1286 tipus:
759 1203 841 1267 forte
853 1202 924 1288 quis
938 1202 1100 1289 exipeEtet
1112 1228 1173 1290 sps·

151 1307 200 1385 piu
218 1302 325 1388 putri!
349 1303 453 1381 Immo
467 1302 511 1366 est
527 1307 609 1388 τροφὴ
628 1301 772 1387 iufamia
794 1301 890 1373 docet
908 1301 1052 1389 prostare
1065 1305 1174 1371 sarisa

151 1403 306 1481 maribus,
328 1427 417 1489 quam
435 1429 454 1465 u
474 1403 648 1483 nutricibus,
669 1403 761 1473 ubera
781 1403 923 1491 praeberi.
958 1405 1043 1471 Tum
1065 1404 1174 1475 deiude

153 1506 235 1590 Cap.
247 1507 323 1573 V11.
339 1504 379 1568 ad
394 1518 522 1569 etatem
536 1503 746 1593 progreditur,
762 1529 823 1592 qua
839 1518 915 1591 puer
932 1506 1100 1594 padagogo
1113 1520 1174 1571 tra·

152 1606 255 1684 datur,
270 1603 357 1692 quod
375 1605 417 1669 est
438 1602 540 1691 ipsum
555 1610 690 1691 ἀγωγῆςε
713 1603 805 1691 cujus
818 1606 1060 1692 grammaticum
1075 1608 1175 1693 potes·

153 1720 253 1775 tutem
277 1711 317 1775 ab
337 1709 394 1775 isto
415 1709 604 1797 ignoratam,
628 1732 686 1776 nos
706 1710 740 1776 in
759 1709 1092 1779 Animadverfionibus
1104 1734 1176 1798 upe-

153 1810 215 1874 rire
238 1811 441 1878 studebimus.
486 1811 549 1877 Sed
571 1813 616 1877 ita
637 1812 701 1879 hue
723 1825 757 1878 et
776 1812 852 1887 illuc
874 1812 979 1900 vagari
999 1813 1097 1893 eitne,
1116 1836 1176 1879 non

154 1911 258 1979 dicam
282 1912 454 1993 Plutarchi,
470 1912 523 1978 sed
544 1912 675 1979 omnino
694 1912 751 1976 viri
770 1913 910 1999 cogitate
924 1927 958 1983 ot
970 1911 1019 1985 via
1030 1913 1176 1987 differen-

156 2012 208 2093 tis,
225 2036 283 2079 nuc
298 2013 404 2100 potius
417 2014 508 2101 pueri
523 2029 641 2081 temere
654 2013 851 2079 oberrantis?

630 2269 707 2348 μ.

499 2431 548 2494 De
563 2432 839 2519 Argumentatione.

200 2615 499 2703 Argumentationis
521 2617 565 2683 vis
587 2630 621 2682 et
642 2618 781 2685 efficacia
800 2640 871 2704 quus
891 2614 1020 2691 existere
1037 2582 1130 2705 potiit
1145 2640 1179 2685 ex

158 2716 312 2805 ejusmodi
327 2717 374 2780 via
393 2731 427 2782 et
447 2717 558 2783 itinere
579 2714 810 2803 disputationis,
825 2717 917 2783 facilc
937 2719 981 2783 est
1001 2716 1044 2783 ud
1066 2716 1180 2784 intelli·

30 2827 32 2831 '
158 2818 313 2906 gendum.
356 2819 561 2884 Sententiclae
586 2841 651 2883 non
675 2820 746 2885 sunt
772 2819 939 2893 invenuste
963 2819 1108 2907 fingtilae,
1133 2817 1183 2884 sed

158 2919 380 2985 consarcinare
396 2919 484 2984 nullo
498 2919 538 2984 ad
552 2919 783 3013 conclusionem
797 2932 873 3007 apto
888 2941 981 2993 nexu.
1025 2921 1183 3008 Frequens

159 3019 303 3107 digressio
317 3019 357 3084 ad
372 3019 460 3084 locos
473 3042 659 3087 communes
674 3033 707 3085 et
722 3020 879 3087 rhetorica
891 3019 1093 3087 declamatio.
1122 3019 1183 3086 Sed

159 3120 319 3195 rationum
341 3142 451 3198 nexus,
470 3135 508 3184 ut
528 3121 608 3206 saepe
629 3121 693 3206 ipsa
711 3121 851 3187 materie
866 3121 896 3187 vi
909 3134 943 3186 et
961 3135 1076 3187 nature
1088 3114 1183 3208 appa·

159 3237 219 3302 ret,
240 3222 286 3287 ita
308 3245 328 3286 a
349 3220 498 3307 scriptore
519 3222 664 3285 turbatus
687 3223 778 3307 saepe,
802 3223 882 3309 saepe
904 3223 1052 3308 quesitus
1071 3222 1184 3310 ineptis

159 3321 304 3388 formulis
317 3336 350 3385 et
362 3318 660 3407 comparationibus.
705 3320 896 3406 Hujusmcdi
910 3322 973 3386 esti
1164 3371 1169 3385 .

204 3423 283 3509 Cap.
299 3425 356 3487 IV.
372 3445 404 3508 p.
416 3441 447 3487 2.
462 3424 505 3486 F:
529 3420 675 3507 repetitio
694 3420 833 3507 ejusdem
853 3423 919 3486 fere
938 3421 1087 3493 formulae
1101 3421 1184 3489 breri

161 3522 271 3607 spati0,
292 3522 348 3600 Καὶ
367 3523 397 3584 ri
417 3528 452 3587 isi
472 3527 497 3587 τ’
514 3521 593 3587 ἄλλα
605 3523 760 3606 θαυμάζειν
771 3547 781 3602 3
804 3536 838 3597 et
861 3545 947 3602 mox,
970 3522 1029 3604 Kc)
1045 3524 1077 3587 ri
1096 3527 1132 3588 ti
1150 3526 1187 3591 rai

18 3660 25 3669 ·
161 3627 264 3686 πολλὰ
277 3620 387 3706 Myer,

204 3722 360 3809 Cap.·IX.
382 3743 415 3809 p.
428 3724 459 3785 6.
476 3723 524 3788 C:
548 3726 746 3811 posteaquam
762 3724 795 3787 in
814 3724 1077 3799 antecedentibus
1089 3726 1136 3791 ita
1148 3722 1187 3795 de

100 3876 107 3892 .
160 3823 356 3889 institutione
370 3823 522 3891 doitrinae
542 3826 652 3912 egiffet
671 3839 709 3889 ut
729 3847 799 3890 earn
820 3824 960 3891 universe
976 3849 1014 3901 ae
1027 3826 1186 3897 declama·

161 3926 243 3997 turio
256 3924 410 4005 laudaret,
426 3947 528 4012 neque
542 3924 639 3991 ullam
654 3925 722 4012 ejus
735 3940 857 4012 partem
872 3926 1005 3993 omnino
1018 3928 1117 3993 verbo
1126 3949 1185 3992 nc·

160 4028 308 4106 minaret,
324 4025 395 4114 jam
413 4026 475 4092 hcc
497 4025 600 4113 eapite
621 4040 731 4092 monet
744 4028 775 4091 se
796 4027 900 4093 sanam
919 4040 953 4091 et
971 4028 1188 4116 incorruptum

161 4128 303 4210 emittar,
324 4150 388 4193 non
406 4125 612 4215 panegyricas
627 4149 727 4214 nugas
741 4127 975 4201 commendare.
1018 4131 1097 4217 Quo
1116 4129 1191 4194 loco

162 4228 285 4299 uidetur
300 4229 473 4296 rhetoricus
487 4228 727 4308 exercitationes
743 4229 934 4318 fignificare:
957 4229 1010 4297 sed
1023 4229 1071 4299 ita
1083 4229 1190 4308 curuis
