2684 4762
345 305 401 365 nn
420 306 646 366 Auurrums
668 307 814 367 ronrrs.
834 324 863 384 p.
878 315 924 380 17.
938 307 973 367 n.
1121 317 1175 381 191

147 490 181 559 p.
195 488 250 557 30.
265 470 307 534 6:
331 468 387 533 ubi
406 490 570 556 perperam
588 493 706 535 nomen
728 470 901 534 Menandri
919 467 1111 554 adscriptum
1125 468 1180 532 est.

148 572 270 637 Eodem
298 584 490 658 argumento
512 571 613 635 fertur
636 572 699 636 hoc
720 571 834 635 incerti
857 584 961 657 poetae
984 570 1017 634 in
1039 568 1181 657 Lycurgi

149 673 301 740 Oratione
314 672 388 755 adv..
402 674 547 736 Ieocmt.
563 693 595 757 p.
610 691 681 757 159.
696 671 749 736 ed.
762 671 876 757 Steph.

270 775 364 841 Ὅταν
378 780 437 863 γάρ
452 779 518 862 ἀργὴ
533 776 662 856 δαιμόνων
675 776 780 861 βλάοῶη
795 780 868 855 τινὰ,

273 881 355 942 mr’
370 878 437 940 αὐτὸ
451 885 555 964 πρῶτον
569 880 752 964 ἐξαφανρῶτοη
765 884 864 963 φρενῶν

274 983 329 1042 Τὸν
343 986 400 1042 νοῦν
414 980 459 1041 τὸν
474 979 575 1055 tutti,
591 982 626 1051 οἷς
639 979 666 1040 δὲ
679 982 727 1056 τὴν
737 976 827 1064 χάριν
839 977 929 1065 τρέτεο

149 1124 154 1131 ·
241 1137 246 1145 .
276 1082 398 1163 Γνῶμην·
424 1083 452 1142 ἶν’
467 1083 519 1165 εἰδῇ
531 1081 612 1161 μηδὲν
625 1078 659 1143 ὧν
673 1081 837 1167 ἁμαρτάνει.

149 1184 232 1249 Haec
251 1182 441 1269 opinionum
455 1181 632 1267 perversitas
650 1202 668 1245 e
688 1181 808 1268 vulgari
829 1179 1045 1266 superstitione
1067 1181 1099 1244 in
1122 1202 1182 1265 po-

147 1285 209 1350 etis
223 1285 346 1371 aequius
363 1284 463 1348 fertur
480 1281 663 1369 faciliusque
677 1284 854 1361 excusatur,
871 1305 967 1368 quam
982 1283 1030 1346 vel
1051 1283 1084 1346 in
1100 1284 1182 1347 Ora-

150 1386 284 1465 toribus,
305 1384 423 1450 nedum
438 1385 470 1448 in
487 1384 666 1449 Historicis.
707 1386 795 1448 Nam
810 1384 1004 1471 Philosophi,
1020 1382 1053 1448 in
1068 1385 1184 1471 quibus

150 1487 284 1552 minime
304 1486 358 1550 illa
379 1485 453 1549 ferri
473 1484 579 1564 debet,
597 1508 637 1549 an
658 1486 703 1549 ita
716 1486 1006 1572 prontrnciaverint,
1030 1486 1185 1550 nonsatis

147 1588 280 1653 constat.
333 1586 528 1651 Probabilius
555 1588 706 1652 Isocrates
734 1602 772 1651 ut
801 1588 833 1652 in
862 1587 1008 1675 populari
1034 1587 1186 1673 opinione

149 1690 209 1756 Or.
230 1688 272 1753 ad
295 1687 432 1773 Philipp.
456 1710 487 1774 p.
507 1707 585 1773 192:
609 1686 700 1768 Οἶμοη
722 1687 750 1750 δι’
773 1714 805 1752 σε
831 1693 879 1753 οὐκ
904 1694 1020 1772 ἀγνοεῖν,
1042 1687 1070 1752 ὃν
1090 1689 1187 1775 τμῶτον

151 1797 176 1854 οἱ
196 1790 254 1854 &roi
275 1795 313 1853 τοὶ
333 1798 387 1854 τῶν
404 1788 550 1875 ἀνθρώπων
565 1791 704 1851 δνονκέσνν·
729 1793 758 1852 ori
776 1795 835 1876 γάρ
848 1790 1004 1875 αὐτόχειρες
1027 1789 1076 1853 ἔτι
1101 1790 1187 1872 [μετὰ

146 1890 337 1977 delendum]
356 1899 409 1955 τῶν
424 1897 542 1976 ἀγαθῶν
557 1889 604 1954 ἔτι
618 1900 672 1954 τῶν
686 1900 779 1955 κακῶν
797 1891 917 1977 γίνονταρ
930 1901 984 1954 τῶν
997 1891 1118 1954 collitur
1132 1896 1186 1954 αὖ·

150 1996 216 2068 τοῖς·
233 1997 300 2057 ἀλλ’
315 1994 422 2067 ἑκάςονς
441 1994 566 2069 τοιαύτην
581 1992 677 2055 ἔννοιαν
697 1998 850 2073 ἐμτονῦσνν,
867 1992 920 2066 ῶςε
934 1995 964 2056 dr'
980 1993 1111 2070 ἀλλήλων
1125 1998 1188 2074 ἡμῖν

148 2097 270 2181 ἑκάτερα
291 2095 494 2181 οταραγίνεθοη
513 2092 614 2156 reiron·
634 2117 692 2156 non
712 2092 794 2156 enim⁸
807 2093 861 2180 ipſs
876 2094 933 2156 Dii
952 2095 1098 2180 efficium·
1109 2096 1189 2180 sunt

151 2197 292 2261 bonorum
305 2195 517 2282 malorumque,
534 2219 603 2280 puae
617 2195 648 2257 in
665 2193 828 2257 bominibus
846 2196 1005 2281 versantur
1016 2220 1026 2256 .·
1038 2195 1099 2280 sed
1118 2195 1187 2283 qui·

152 2298 252 2386 brtsois
266 2298 428 2361 bominibus
449 2322 512 2360 eam
530 2297 605 2359 dont
620 2310 753 2375 mentem,
774 2311 808 2361 ut
826 2297 908 2361 nobis
927 2312 981 2386 per
997 2320 1049 2362 nos
1063 2298 1190 2363 invicem

150 2414 280 2488 utroque
302 2401 480 2487 obtingant:
513 2399 558 2463 ita
579 2399 669 2464 locus
691 2398 868 2465 editoribus
895 2400 1001 2466 adhuc
1029 2422 1093 2465 non
1116 2401 1190 2466 satis

147 2501 334 2588 expeditus,
355 2492 390 2564 e't
411 2500 567 2587 legendus
582 2513 615 2564 et
628 2499 820 2564 reddendus.
858 2505 905 2565 Ex
923 2500 1085 2566 Historicis
1101 2501 1188 2567 illam

147 2602 337 2690 ,opinionem
360 2601 440 2665 adeo
463 2601 644 2686 frequenter
666 2602 792 2665 secutus
810 2603 853 2665 est
872 2602 1052 2688 Appianus,
1073 2617 1114 2668 ut
1128 2603 1189 2667 hos

147 2717 322 2790 *poetarum
336 2703 440 2766 versus
456 2701 487 2765 in
502 2702 610 2766 auimo
625 2701 764 2766 habuiffc
778 2702 935 2768 videatur:
955 2704 1053 2768 veluti
1068 2705 1188 2791 Syriae.

151 2806 194 2869 de
213 2803 378 2868 Antiocho
400 2824 487 2888 rege,
513 2804 574 2867 28:
606 2808 668 2865 θεοῦ
689 2804 853 2883 βλάτΊοντος
875 2805 919 2881 ἤδη
940 2806 1001 2878 τοὺς
1021 2806 1186 2888 λογισμοὺς,

151 2906 217 2993 ὅπερ
232 2904 320 2968 ἀτατν
334 2903 487 2992 τροσνᾶνῖων
501 2905 691 2989 ἀτυχημάτων
705 2906 886 2990 ἓτνγίγνετοη.
919 2905 1011 2970 Bello
1032 2905 1124 2970 Civil.
1145 2908 1189 2970 ll'.

152 3011 208 3091 67.
224 3007 264 3072 de
281 3007 453 3092 Pompeio:
478 3007 553 3083 ἐξέςη
575 3016 627 3070 τῶν
646 3007 745 3069 οἰκείαν
759 3015 915 3091 λογισμῶν,
935 3005 981 3085 καὶ
1002 3007 1122 3069 ἐνέδωκεν
1135 3011 1189 3069 αὖ·

153 3113 221 3187 τοῖς,
243 3114 295 3171 tufi
313 3108 475 3186 βλοὶτῖοντος
497 3108 542 3184 ἤδη
562 3105 608 3186 κα)
626 3105 723 3169 τῶλλα
741 3111 805 3194 παρ’
826 3106 887 3170 ἕλον
905 3105 977 3169 τῶνδε
995 3108 1040 3169 τὸν
1058 3106 1188 3188 πόλεμον.

154 3210 207 3281 De
230 3209 357 3288 eodem,
379 3226 431 3292 71.
456 3206 623 3284 θεοὸλάῶαα
644 3211 715 3271 δοκεῖ
737 3210 819 3271 αὐτὸν
843 3213 1038 3294 παραγαγεῖν·
1062 3221 1096 3272 et
1116 3209 1190 3272 l'ub·

155 3310 231 3376 inde
253 3310 339 3397 apud
361 3310 511 3374 eumdem
536 3310 720 3395 scriptorem
743 3309 821 3373 tales
842 3308 990 3374 formulae
1005 3324 1189 3375 occurrunt.

155 3412 268 3479 Sedet
288 3412 431 3477 Velleius
450 3411 633 3476 Paterculus
649 3411 694 3474 11.
712 3412 794 3474 1182
821 3410 937 3497 Quippe
958 3411 1002 3472 ila
1015 3413 1053 3497 se
1071 3434 1117 3473 res
1132 3413 1191 3476 ha·

154 3517 214 3596 bet,
237 3527 271 3577 ut
290 3513 462 3601 plerumque
473 3513 634 3599 fortunam
649 3523 818 3575 mutaturus
831 3513 915 3575 Deus
929 3510 1047 3597 coifilia
1060 3537 1192 3579 corrum-

152 3629 222 3706 pat,
237 3615 415 3703 efficimque,
428 3615 507 3703 quod
519 3613 710 3700 miserrimum
724 3613 772 3698 est,
786 3626 820 3677 ut
834 3614 913 3701 quod
924 3615 1043 3694 accidit,
1058 3615 1093 3678 id
1103 3616 1194 3682 etiam

154 3718 258 3782 merito
282 3717 415 3803 accidiffo
432 3716 585 3794 videatur,
601 3727 628 3778 ct
648 3716 730 3802 casus
748 3717 779 3778 ν’νν
794 3713 910 3802 culpam
924 3717 1066 3802 trarfiat.
1103 3716 1194 3783 idem

157 3817 272 3884 leniori
286 3816 501 3901 verbosulum
514 3816 652 3895 accusat,
675 3818 719 3880 ll.
733 3830 796 3900 57:
829 3815 890 3880 Sed
903 3816 1034 3903 prosetlo
1049 3816 1196 3881 νὀαἰαὲὶο-

157 3921 226 3985 bilis
243 3920 384 4006 satorum
411 3919 471 3998 vis,
500 3919 700 4006 cujuscumque
716 3919 877 4006 fortunam
899 3933 1013 3983 mutare
1039 3918 1194 4005 οοηβίναὲτ,

157 4022 277 4108 <ofilio
299 4022 468 4107 corrumpit.
516 4019 579 4085 Ubi
603 4021 817 4087 Ruhnkenius
839 4022 953 4100 noster,
976 4043 1051 4084 nam
1073 4023 1195 4108 semper

157 4123 214 4189 ille
237 4123 338 4186 noster
357 4122 493 4201 dicetur,
514 4122 596 4187 hanc
618 4121 805 4208 opinionem
820 4124 976 4187 Veterum
992 4120 1088 4186 tantis
1106 4121 1194 4191 illus-

163 4223 261 4291 travit
273 4222 426 4289 dodrinae
440 4223 552 4311 copiis,
566 4236 605 4292 ut
618 4223 715 4293 niliie
726 4222 801 4291 addi
809 4223 901 4313 ¹polle
915 4223 1069 4292 videatur.
