2684 4762
211 400 213 404 ,
345 341 402 404 DE
422 340 648 402 AUDIENDIS
668 340 815 402 rott'rts.
835 359 863 418 p.
879 340 924 400 16.
937 340 974 400 ll.
1124 347 1180 412 187

147 510 232 580 αὐτῆς
258 504 316 588 (ita
336 506 421 571 enim
442 505 557 570 radius
578 504 730 571 scribatur
749 526 807 591 pm
826 507 920 586 αὐτῆς)
942 501 1180 587 ἐπιλαμέἄνεθαι.

151 605 354 671 Philostratus
368 606 445 671 Vita
457 607 611 694 Apollon.
628 609 655 671 l.
673 626 723 690 15.
747 628 780 692 p.
799 622 834 690 17
851 631 860 669 ε
883 612 906 670 ol
919 611 977 693 yde
989 606 1056 694 ύπὶς
1067 602 1182 668 enirm

149 709 333 786 σίτσικτέντις,
351 704 384 770 ἂν
400 709 473 794 πρὸς
493 705 578 795 ἄνδρα
595 707 700 786 ἴδωσιν,
721 706 866 795 ἐρυθριῶσι
878 733 909 770 τε
922 708 944 792 ’i
959 712 1046 770 αι’νιῶν
1060 711 1183 788 ἐπιλαμ-

152 804 289 888 arona,
305 806 352 886 eoi
364 814 438 894 ρᾄα
455 811 484 886 δὴ
501 812 528 883 ἒς
547 815 592 872 νῦν
613 811 707 886 ἥκωσι.
736 808 819 874 lbid.
835 827 887 872 21.
902 828 935 894 p.
952 825 1012 891 27:
1037 806 1185 890 λαθόμενος

150 913 237 973 rma
259 913 273 970 6
294 912 421 994 εὐνέχις,
432 911 471 995 sc
492 911 549 997 ipso
567 910 788 998 reprehendens.
825 908 936 975 Simile
955 908 1114 973 Plutarchi
1132 911 1186 973 De

150 1010 241 1075 Sent.
257 1011 394 1077 Profe&
414 1012 446 1076 in
461 1012 545 1077 Virt.
568 1034 601 1098 p.
617 1015 669 1097 85.
695 1014 746 1077 A:
770 1012 785 1089 ἢ
805 1018 889 1095 φωνῆς
907 1009 1083 1098 ἁγεννεςίρας
1096 1015 1186 1074 aaran

150 1111 424 1196 διιλαμὸανιμέινςι
454 1114 511 1178 ubi
535 1114 650 1180 re6tius
674 1115 827 1180 scribatur
853 1119 953 1193 αὐτῶν,
982 1113 1034 1176 vel
1061 1111 1187 1199 nostrum

148 1212 205 1302 ipſs
222 1214 370 1299 ignavum
391 1214 539 1301 quoddam
555 1215 666 1280 dietum
679 1216 929 1302 reprehendentes.
967 1214 1031 1280 Sed
1049 1214 1082 1279 in
1103 1219 1187 1279 aare

151 1327 185 1381 et
198 1321 282 1394 αι’πῦ,
298 1319 373 1400 αὐτῷ
387 1329 420 1380 et
433 1322 520 1401 αὐτῷ,
535 1319 617 1381 αὐτὸν
630 1331 664 1382 et
677 1319 770 1397 αὑτὸν,
784 1318 863 1382 item
884 1316 916 1380 in
933 1317 1043 1383 iisdem
1058 1317 1188 1382 Casrbus

153 1417 285 1484 Pluralis
306 1418 457 1498 Numeri,
476 1441 670 1506 quamquam
689 1422 836 1500 Veteres,
859 1433 945 1485 certe
964 1419 1093 1500 librarii,
1117 1433 1187 1484 tur·
1206 1476 1207 1481 ,

151 1520 280 1600 barunr,
303 1520 447 1601 anobis,
469 1522 625 1605 profedo,
643 1521 864 1609 distinguenda
877 1525 961 1589 sunt.
994 1524 1188 1588 consulatur
1311 1561 1313 1564 ·

151 1622 336 1709 Stephanus
350 1623 444 1687 Thes.
459 1624 572 1688 L.'Gr.
587 1626 624 1688 T.
638 1626 665 1688 Ι.
680 1647 714 1710 p.
729 1627 804 1709 603.
827 1625 999 1690 Dorvillius
1013 1625 1054 1690 ad
1071 1625 1186 1691 Chari-

150 1735 223 1792 ton.
244 1745 278 1811 p.
291 1743 346 1809 43.
360 1725 435 1809 483.
451 1738 484 1789 et
498 1726 553 1811 qui
567 1727 608 1790 ab
623 1749 662 1791 eo
676 1727 816 1791 citantur
829 1749 862 1814 p.
874 1729 949 1812 328.

149 1880 152 1885 ⁴
199 1829 250 1891 16.
265 1829 304 1892 E.
337 1827 499 1907 inmitium
520 1827 547 1890 δὲ
568 1832 608 1912 τῷ
631 1826 785 1891 Ἀπόλλωνι
815 1828 1044 1912 χαλεπαίνσνσος]
1077 1826 1188 1892 Mani·
1323 1897 1326 1902 ,

151 1929 260 1995 festior
272 1929 369 1993 etiam
384 1950 423 1992 ex
437 1928 500 1992 hoc
514 1928 586 1993 loco
609 1940 699 2013 patet
718 1949 817 1991 nexus
833 1927 996 1993 sententie
1011 1941 1044 1990 et
1059 1926 1189 1990 neceffi·

152 2044 203 2097 tas
224 2028 417 2116 corrigendi,
439 2051 503 2115 qua
522 2051 580 2115 pro
600 2036 648 2092 τοῦ
665 2028 839 2101 ’Λπόλλωνος
858 2026 1005 2092 dedimus
1023 2032 1062 2111 τῷ
1081 2026 1189 2089 ’Andre
1230 2089 1232 2093 .

152 2147 232 2212 mr,
252 2131 356 2210 idest,
375 2130 564 2217 reprehendet
576 2129 706 2215 seipsum
720 2126 857 2215 Apollini
871 2128 1049 2214 irascentem,
1069 2127 1088 2189 h
1109 2127 1192 2192 forte

154 2233 317 2305 auferatur
330 2230 384 2295 illa
404 2229 549 2294 Thetidis
565 2228 793 2293 lamentatione
811 2225 1071 2314 reprehendentis
1085 2225 1190 2313 Apol·

153 2335 267 2414 linem,
281 2335 347 2421 qui,
368 2334 402 2397 in
425 2333 519 2419 iplius
538 2354 613 2395 cum
635 2329 728 2396 Peleo
748 2330 879 2415 nuptiis,
898 2330 928 2394 ei
943 2329 1077 2394 faustum
1093 2328 1190 2415 polli-

155 2438 239 2503 citus
261 2436 461 2523 conjugium,
486 2458 571 2499 nunc
591 2435 655 2520 ipse
672 2434 741 2522 ejus
756 2434 856 2498 filium
874 2432 1037 2499 Achillem
1058 2433 1190 2499 interfe-

155 2540 264 2606 ciil'ett
282 2536 338 2602 Ὃν
352 2540 433 2611 αὐτὸς
449 2537 659 2620 ὑμνῶν-αὐτός
679 2541 735 2609 ten
755 2542 769 2599 ὁ
791 2537 914 2602 κσανῶνι
938 2537 1081 2625 AEschyli
1095 2539 1139 2602 est
1152 2559 1192 2602 ex
1322 2532 1327 2546 ⁸

155 2638 281 2704 incerto
307 2636 459 2715 dramate,
488 2635 574 2722 qnod
604 2634 828 2722 Psy'rhossofiam
851 2636 911 2700 effe
939 2638 1072 2722 putavit,
1101 2636 1192 2701 nullo

156 2736 232 2803 satis
254 2748 342 2800 certo
365 2750 568 2820 argumento,
596 2733 755 2798 Stanleins
779 2737 817 2800 T.
835 2738 879 2799 ll.
907 2758 940 2822 p.
956 2738 1030 2816 646.
1066 2740 1192 2801 Locum

155 2833 304 2920 AEschyli
325 2834 561 2920 reprehenfione
582 2833 752 2899 celebravit
775 2835 863 2900 Plato
890 2838 969 2922 Rep.
996 2837 1040 2900 ll.
1068 2857 1100 2921 p.
1114 2854 1191 2920 432.

157 2937 213 3003 A:
238 2958 312 3000 narn
333 2937 374 2999 ab
396 2933 458 2998 hoc
478 2957 552 2998 eum
573 2934 789 3018 repetiverunt
809 2950 842 2999 et
865 2936 1064 3016 Plutarchus,
1087 2951 1121 3001 et
1142 2938 1191 3000 A·

158 3036 352 3123 thenagoras
373 3037 487 3122 legat.
510 3056 542 3120 p.
559 3052 611 3100 22.
632 3036 680 3098 B:
711 3049 744 3098 et
769 3031 922 3100 Eusebius
948 3039 1046 3121 Praep.
1070 3040 1191 3122 Evang.

158 3138 307 3224 xl11.3.
330 3159 361 3222 p.
376 3138 450 3219 647.
465 3139 509 3200 A.
546 3136 589 3199 Et
610 3134 697 3221 quod
719 3135 868 3216 diximus,
888 3137 1078 3224 AEschylum
1101 3137 1192 3201 secu·

159 3253 232 3305 tum
246 3239 306 3304 effe
319 3238 455 3303 Homeri
469 3236 607 3324 vestigia,
624 3237 662 3301 ΙΙ.
675 3241 717 3300 Ω.
733 3240 773 3322 63
786 3263 796 3317 3
820 3253 994 3323 utrumque
1008 3240 1133 3304 secutus
1150 3240 1196 3306 est

158 3341 249 3408 Dion
273 3339 514 3427 Chrysostomus
536 3341 626 3404 Orat.
650 3340 772 3403 LVlll.
795 3362 830 3425 p.
844 3357 919 3424 574.
936 3343 978 3405 A.
996 3403 1000 3409 ,
1015 3341 1194 3409 Videantur

159 3446 285 3511 Annot.
300 3444 402 3508 nostra
416 3442 457 3506 ad
472 3440 596 3525 Selecla
611 3441 758 3506 Historic.
773 3464 806 3528 p.
820 3444 895 3527 388.
1219 3479 1222 3485 -

207 3549 258 3611 16.
273 3549 313 3611 E.
333 3547 379 3609 τὸν
400 3545 494 3627 φθιτὸν
513 3541 658 3628 Ἀχιλλὲα
677 3543 698 3629 'i
716 3545 762 3607 τὸν
779 3542 1032 3632 Ἀγαμέμνινσι-]
1058 3548 1195 3618 Achilli!

159 3647 284 3716 mentio
296 3647 431 3711 refertur
445 3643 485 3708 ad
500 3643 609 3732 Odyff.
620 3649 660 3708 A.
672 3662 748 3728 470.
759 3643 857 3732 Ἔγνω
870 3647 897 3710 δὲ
912 3648 993 3733 ψυχή
1007 3675 1042 3731 με
1056 3651 1195 3728 ποδώκεις
1212 3653 1215 3656 ’

159 3751 310 3827 Αἰακίδαο,
330 3747 387 3827 Kal
405 3750 431 3834 ῥ’
447 3745 626 3835 ὀλοφυρομένη
650 3747 716 3810 ἔπεα
738 3747 867 3834 rrlrpdsriot
886 3750 1036 3837 regnandiu,
1059 3764 1131 3816 tum
1153 3751 1195 3818 ad

159 3852 242 3921 illud
265 3854 333 3941 ejus
357 3851 491 3930 dihlum,
515 3851 656 3933 Βιιλιίμην
679 3852 704 3913 κ’
725 3851 855 3939 inoiptrpot
878 3851 925 3916 inlr
946 3853 1092 3935 θητιῦεμεν
1112 3851 1195 3940 ἄλλῳ

160 3956 253 4043 Ἀνδρὶ
275 3958 338 4042 παρ’
359 3954 483 4041 ἀκλήρῳ,
506 3950 584 4039 ‘illl
607 3954 697 4032 βισιός
717 3954 808 4027 πολὺς
830 3952 881 4032 εἴη,
898 3952 943 4018 Ἢ
962 3961 1054 4018 πᾶσιν
1071 3955 1195 4019 νεκύεσσι

161 4055 407 4140 καταφθιμένοισιν
420 4055 557 4120 ἀνάσσειν·
583 4052 670 4141 quod
689 4053 767 4118 item
789 4054 991 4140 reprehendit
1010 4053 1099 4118 Plato
1114 4057 1194 4143 Rep.

162 4159 228 4226 111.
254 4179 287 4246 p.
301 4175 377 4243 432.
393 4157 433 4224 C.
464 4155 719 4245 Agamemnonis
743 4155 881 4242 pertinet
902 4153 943 4221 ad
968 4152 1089 4220 versum
1110 4173 1193 4244 390:
