2684 4762
179 396 187 407 ·
250 360 327 429 rm
347 360 521 430 uouexr.
543 361 774 428 porrorum.
795 386 824 445 p.
839 378 864 426 1.
879 368 917 425 x.
1070 369 1109 440 oy

77 529 137 592 lius
153 527 193 592 de
208 531 358 617 Scriptor.
377 533 457 596 Hist.
474 531 554 596 Phil.
571 534 614 595 ll.
631 531 661 594 8.
700 528 905 615 Hieronymus,
920 529 1003 594 sorte
1018 527 1106 594 Rhoss

75 629 150 694 dius
167 632 402 719 Peripateticus,
422 634 515 720 cujus
537 633 594 697 sub
616 631 746 695 nomine
759 632 802 696 est
819 631 909 695 locus
923 632 982 718 τεςί
996 631 1107 696 παίδων

75 735 192 816 ἀγωγῆς
214 733 246 796 in
268 735 457 798 Damasceni
480 731 637 798 parallelis
660 733 756 795 MSS.
779 731 933 795 Cleomenis
951 735 1105 816 παιδαγω-

75 836 167 915 γικός,
183 855 234 918 ap.
250 835 431 921 Diogenem
448 838 554 899 laert.
566 837 626 899 Vl.
642 849 659 916 7
661 849 694 917 5.
728 832 802 896 Cato
817 833 852 895 dr
867 832 965 895 liberis
978 834 1105 897 educan-

74 935 134 1013 dis,
152 938 320 1001 Macrobio
339 938 456 1002 citatur
475 940 541 1002 Sat.
556 940 615 1003 VI.
629 957 661 1022 3.
701 935 796 1001 Varro
810 937 847 998 de
861 934 960 998 liberis
976 937 1104 999 educans

73 1037 134 1115 dis,
152 1037 259 1102 Gellio
284 1041 341 1103 IV.
362 1047 412 1125 1'9.
450 1039 646 1117 Jomblicbur,
670 1036 763 1123 cujus
785 1036 923 1122 epistolae
942 1038 983 1101 ad
1005 1040 1105 1122 Sopa-

73 1156 160 1206 trum
182 1145 250 1229 σερί
274 1143 384 1207 παίδων
407 1149 522 1227 ἀγωγῆς
544 1165 615 1229 pars
641 1142 673 1206 in
696 1141 810 1207 eodem
834 1143 1032 1207 Damasceno
1051 1165 1105 1206 ex·
1165 1178 1172 1195 ·

69 1243 140 1307 siat.
183 1243 331 1307 Johannis
358 1242 542 1331 Chrffostomi
566 1241 709 1307 Homilia
729 1244 797 1329 περὶ
824 1242 933 1305 παίδων
956 1248 1106 1329 ἀνατροφῆς

70 1343 239 1408 Tom.VI.
264 1366 295 1430 p.
309 1345 379 1428 788.
419 1343 530 1408 Stoboei
554 1344 615 1408 fuit
637 1358 735 1428 caput
758 1365 843 1407 nunc
865 1343 1025 1429 perditum
1043 1343 1103 1430 περὶ

70 1442 195 1516 παιδείας
213 1440 259 1522 καί
277 1448 406 1528 dyo-sis:
430 1444 515 1509 unde
538 1443 685 1531 quiedam
708 1445 825 1508 servata
845 1445 968 1509 suntin
988 1444 1103 1509 eodem

69 1544 270 1608 Damasceno
294 1547 366 1609 MS.
391 1561 428 1610 ut
451 1548 637 1611 monuimus
657 1547 746 1633 Disp.
772 1546 812 1611 de
834 1548 984 1633 scriptore
1004 1545 1107 1631 hujus.

67 1642 167 1707 libelli
183 1643 266 1708 Sed.
280 1647 307 1709 l.
323 1668 355 1731 p.
367 1665 386 1730 3
389 1656 420 1730 5.
447 1646 592 1711 Johannis
606 1646 729 1711 Tzctzae
741 1647 843 1711 παίδων
856 1653 957 1734 ἀγωγὴ
972 1651 1101 1726 συντελὴς

67 1749 109 1828 τῷ
121 1750 165 1806 νῦν
178 1743 243 1829 βίῳ,
260 1745 402 1810 iambicis
417 1747 550 1811 versibus
564 1748 604 1812 ad
620 1748 740 1812 calcem
757 1748 953 1813 Chiliadum.

114 1865 144 1908 1.
157 1847 201 1909 A.
229 1847 269 1909 Τί
287 1874 328 1922 τις
348 1847 381 1912 ἂν
403 1849 693 1935 ἅνω-σκεψώμεθα]
728 1851 902 1914 Exordium
925 1850 1099 1913 abhorrens

67 1947 259 2012 aPlutarcbi
270 1950 499 2014 consuetudine
511 1949 762 2015 rhetorissantem
778 1951 1010 2014 adolescentem
1026 1947 1100 2012 red·

67 2046 154 2113 olet:
182 2072 245 2137 qua
267 2050 308 2114 de
329 2051 502 2135 suspicione
527 2050 675 2136 legantur
696 2073 769 2136 quae
795 2050 933 2114 diximus
954 2051 994 2112 in'
1009 2050 1098 2114 Con-

65 2147 450 2236 clufioneDisputationis
465 2150 505 2213 de
525 2151 653 2214 austore
671 2150 767 2236 hujus
789 2149 897 2214 libelli.
936 2150 1101 2214 Problema

65 2249 129 2314 fuit
151 2252 300 2339 magistri,
322 2253 361 2316 Ti
379 2279 419 2326 τις
436 2250 469 2314 ἂν
489 2252 549 2338 ἔχοι
569 2256 647 2315 είτὲῐν
662 2253 720 2338 περί
739 2279 766 2314 τ.
784 2278 812 2314 τ.
829 2279 852 2315 ε.
867 2278 897 2314 π.
914 2279 944 2314 α.
960 2278 989 2314 κ.
1003 2277 1031 2313 τ.
1043 2279 1098 2338 χς.

65 2375 117 2412 err.
136 2378 167 2414 α.
184 2377 213 2415 τ.
227 2377 272 2438 τρ.
286 2351 425 2416 ἀτοὲαῖεν.
471 2344 624 2438 Exempla
640 2355 712 2417 sunt
725 2352 812 2439 apud
833 2351 1003 2417 Libanium
1022 2353 1098 2428 τίνας

64 2450 99 2514 ἂν
121 2451 188 2515 rinos
210 2454 299 2538 λόγος
320 2454 439 2532 Μίδεια,
458 2466 492 2518 et
511 2455 613 2518 multa
634 2453 774 2541 ejusdem
797 2454 941 2518 sormulae
963 2456 1001 2518 T.
1016 2442 1041 2517 l.
1062 2476 1096 2541 p.

68 2568 256 2638 139-1702
286 2554 365 2618 item
383 2553 592 2639 Anthologiae
616 2556 642 2618 1.
665 2576 683 2640 9
706 2567 739 2618 et
763 2574 812 2617 10.
858 2553 920 2616 Sed
944 2554 1041 2617 etiam
1063 2555 1097 2619 in

63 2653 219 2718 continua
241 2655 470 2740 compositione
492 2654 570 2718 dixit
595 2656 745 2719 Isocrates
769 2654 942 2719 Panathen.
966 2675 1000 2738 p.
1014 2675 1094 2739 433:

63 2756 125 2842 τεςδ
146 2755 213 2837 μίαν
233 2760 331 2843 πρᾶξιν
348 2753 502 2844 διωτρίδειν,
520 2753 610 2842 ὥσπερ
632 2755 745 2843 ἀπορίας
770 2754 848 2832 οὔσης
868 2755 897 2818 τί
917 2754 950 2818 oio
973 2755 1033 2842 ἔχοι
1054 2782 1097 2832 τις

63 2860 145 2920 εἰπεῖν
163 2858 223 2945 *regi
242 2864 290 2934 τῆς
310 2859 447 2940 &pssum
469 2856 515 2937 κα)
532 2857 724 2943 χαλεπότητος
745 2865 799 2920 τῶν
821 2857 1095 2938 Anniam-rino·-

62 2957 247 3045 Discipulus
268 2958 385 3046 adjecit
406 2959 596 3023 rhetoricam
618 2957 788 3022 formulam
811 2958 872 3046 φέρε
894 2958 1094 3040 exedentia:

60 3059 264 3145 frequentem
287 3063 359 3125 sane
380 3059 585 3138 Rhetoribus,
608 3059 705 3123 veluti
727 3058 856 3124 Aristidi
874 3061 913 3123 T.
927 3062 970 3123 11.
994 3081 1026 3144 p.
1040 3080 1093 3144 51.

59 3165 116 3244 67.
138 3179 209 3242 242.
233 3164 306 3244 264.
331 3161 403 3228 268.
424 3180 500 3247 341.
545 3163 595 3225 lta
620 3161 802 3227 confectum
826 3177 893 3227 erat
915 3160 1093 3225 exordium.

60 3264 172 3326 Iocus
193 3262 383 3350 Hieronymi
409 3263 496 3349 apud
521 3263 756 3334 Damascenum
779 3262 877 3327 habet
903 3261 1030 3324 initium
1053 3261 1095 3325 ad

59 3360 204 3446 speciem
216 3362 324 3442 fimile,
338 3386 443 3428 revere
457 3364 617 3444 diffimile;
636 3379 767 3449 apparet
780 3364 879 3441 enim,
895 3361 928 3425 id
942 3383 1002 3426 nec
1016 3383 1093 3448 pro-

59 3461 170 3526 blema
188 3461 260 3542 esse,
282 3485 341 3528 nec
360 3464 524 3529 exordium
540 3466 639 3529 totius
661 3463 743 3542 libri,
766 3463 818 3528 sed
839 3463 937 3549 partis
957 3464 1092 3554 alicujus

58 3563 221 3650 sequentis
242 3566 310 3651 post
330 3565 405 3630 alies
427 3567 638 3654 antegrellns:
672 3573 758 3653 Δεῦρο
780 3569 821 3646 δὴ,
848 3566 895 3647 καί
917 3569 1092 3651 σκεψώμεθα

58 3667 128 3754 σεςί
142 3671 190 3742 τῆς
201 3675 256 3730 τῶν
268 3666 369 3731 παίδων
383 3673 510 3754 ἀγωγῆς,
524 3669 586 3733 τίνα
598 3669 695 3756 rosum
705 3666 874 3753 διοιλῆφωσιν
888 3675 911 3733 oi
923 3669 1047 3758 τατίρις.
1144 3686 1147 3693 “

103 3783 133 3828 1.
148 3766 190 3830 A.
224 3765 339 3830 Βέλτιον
363 3770 384 3829 δ’
407 3765 473 3842 ἴσως
500 3770 553 3831 ἆτδ
579 3774 626 3843 τῆς
655 3767 784 3852 γννέσεοος
806 3767 935 3855 ἅρξαθοο
960 3773 1086 3855 πρῶτον]

58 3867 241 3933 Formulnm
255 3889 295 3933 ex
310 3868 497 3954 philosopha
510 3869 672 3933 auditione
685 3870 846 3954 suscepisse
858 3870 981 3934 videtur
992 3872 1089 3954 scrip-

55 3983 119 4033 tor.
156 3969 340 4034 Arisioreles
361 3982 396 4032 et
413 3969 499 4049 alibi,
525 3985 558 4034 et
577 3993 606 4032 ν.
627 3993 655 4035 c.
674 3970 865 4035 Nicomach.
891 3973 918 4033 1.
941 3972 982 4032 6:
1010 3971 1089 4031 τὸδὲ

55 4071 122 4132 καθ’
138 4068 189 4133 ine
203 4069 314 4148 βίλτιον
327 4069 392 4143 ἴσως
407 4070 611 4150 ίτισκίιίιαθας.
648 4071 853 4136 Aristoxenus
870 4069 911 4134 de
929 4071 1086 4133 Hermon.
1175 4116 1180 4131 .

56 4172 100 4236 ll.
123 4171 238 4237 initio:
263 4168 377 4233 Βέλτιον
397 4168 461 4244 ἴσως
480 4173 518 4244 ἒςί
539 4174 570 4234 τδ
589 4174 762 4258 προδιελθεῖν
774 4175 819 4235 τὸν
838 4170 933 4258 τρόπον
946 4176 993 4247 τῆς
1004 4197 1087 4259 τνρα-

54 4274 240 4356 melas«
269 4270 376 4346 Γένεοις
385 4273 428 4339 est
438 4284 516 4336 ortus
530 4272 684 4359 nascentis,
700 4287 732 4338 at
746 4271 869 4357 γίνησις
878 4272 920 4336 est
929 4284 1088 4358 parentum

572 4393 590 4436 li
604 4391 623 4441 2
955 4384 958 4388 ι
