2684 4762
340 330 395 392 DE
414 331 639 394 AUDIENDIS
661 333 806 395 POETIS.
827 353 855 412 p.
866 344 917 394 νο.
930 334 965 392 F.
1109 339 1168 402 ors

142 512 192 556 10.
212 491 253 557 de
272 493 487 562 Antisthenes
505 503 648 572 Ποντικοῖς
669 478 728 585 ιγοὶς
745 496 890 570 νεανίσκοις
907 501 983 559 κατὰ
1001 494 1078 568 κλέος
1099 494 1166 559 Σοο-

137 595 241 681 κρίιτιις
259 596 416 682 ἀφιγμένοις
429 599 601 687 περιτυχών,
624 601 770 683 ἀπήγαγεν
789 597 873 671 arisit
888 600 961 684 πρὸς
977 600 1022 660 τὸν
1038 596 1166 673 Ἀνντον,
1285 620 1293 635 ·

135 694 214 758 riade
235 701 261 760 ἐν
283 698 353 777 ἤθει,
376 700 526 787 σοφώτερον
548 701 613 781 riom
635 699 801 787 Σωκράτιις,
823 720 988 784 perperam
1012 698 1167 781 interpres

134 798 279 877 Latium,
294 801 403 880 dicens,
419 799 509 864 illum
528 803 655 866 moribus
666 801 875 888 sapientiorem
888 800 941 884 eſje
955 823 1043 885 quom
1059 799 1165 862 Socra·

138 911 205 978 tom,
220 900 308 986 quod
323 901 519 966 reddendum
542 918 610 967 crat
631 903 728 965 dicens
748 902 806 964 loni
825 901 965 984 irrffione,
981 898 1093 961 lenibus
1103 898 1166 985 sub

133 1001 234 1065 verbis
248 1026 283 1065 ac
296 1003 423 1066 moribus
431 1004 610 1091 significato
624 1004 846 1091 repreberfione,
863 1001 951 1065 Hlum
956 1000 1166 1088 sapientiorem

133 1103 187 1188 effe
201 1103 331 1168 Socrate.
360 1104 512 1168 Isocrates
527 1106 584 1169 Or.
600 1104 640 1171 ad
656 1104 792 1191 Philipp.
806 1126 839 1190 p.
852 1120 931 1187 150:
954 1102 1060 1181 oratio,
1075 1125 1165 1188 quom

132 1202 199 1289 quis
228 1202 304 1266 lente
329 1229 364 1268 oc
382 1204 505 1292 frigide
531 1205 616 1291 legit,
642 1207 722 1288 μηδὲν
748 1204 809 1281 ἦθος
837 1202 1067 1286 ἐνσημαινόμενος,
1096 1203 1163 1265 ἀλλ’

133 1301 224 1391 ὥσπερ
238 1309 415 1393 dragmam,
431 1307 550 1387 εἰκότως,
565 1308 651 1389 cipio,
667 1314 768 1391 φαῦλος
783 1305 848 1386 cisoa
861 1306 948 1382 δοκοίη
962 1309 1017 1378 τοῖς
1031 1304 1163 1369 anderru.

133 1403 186 1468 Sic
201 1418 234 1468 et
247 1411 346 1483 ἠθικῶς
360 1406 475 1471 dicitur
485 1408 641 1494 stmulote,
661 1406 834 1470 cavillando
835 1406 1001 1491 ‚stmuloto
1018 1405 1077 1467 alio
1092 1403 1162 1469 oni·

131 1529 173 1568 mr
165 1505 315 1593 affiatu,
330 1507 455 1593 facete.-
486 1509 526 1574 dc
553 1532 618 1595 quo
644 1508 825 1574 consulatur
848 1507 1040 1572 doaiffimus
1066 1509 1101 1570 F.
1121 1508 1161 1570 L

133 1610 326 1676 Abreschius
347 1612 438 1677 Le&
461 1611 640 1678 Aristaenet.
664 1635 698 1700 p
690 1630 793 1697 .310;
816 1624 850 1676 et
871 1633 929 1675 nos
948 1610 980 1675 in
1001 1607 1162 1694 sequenti·

129 1708 191 1777 bus
204 1709 266 1775 alio
280 1711 354 1775 loco
368 1732 512 1798 agemus

174 1831 226 1878 20.
240 1815 280 1877 Ε.
303 1815 408 1893 Εὐθὺς,
429 1841 450 1877 ιι
444 1816 564 1894 ’βέλεκ
585 1842 615 1879 οι
616 1842 659 1902 ςος
678 1820 729 1889 τοὶς
749 1817 904 1902 Ομηςικοὶς
921 1822 974 1878 τῶν
989 1819 1044 1876 θεῶ
1046 1812 1161 1899 rapidiore

130 1915 172 1976 ὑπ’
186 1913 316 1991 ἀλλήλοιν
338 1913 384 1994 καὶ
401 1915 512 2002 τρώσεις
534 1922 569 1979 ὑπ
568 1917 796 2003 ’ἁνθςοθποιν-]
824 1916 935 1980 Decffe
953 1914 1077 1979 videtur
1090 1935 1160 1978 ver·

129 2015 219 2093 bum,
242 2038 306 2100 quo
325 2016 480 2080 sententia
501 2029 648 2103 regatur:
672 2016 768 2102 idque
788 2015 889 2080 voluit
902 2015 998 2080 Vulc.
1022 2013 1159 2078 Colle&

130 2115 253 2180 Mutet.
267 2120 399 2182 Jannot.
414 2116 446 2180 in
461 2119 605 2204 margine
618 2118 764 2204 pofitum,
779 2116 843 2191 ἴσως
857 2115 941 2180 λείπει
955 2143 995 2178 τι.
1021 2114 1161 2185 Βοὶῦιὶιιο

128 2217 196 2302 post
213 2219 413 2303 χαλεπότητας
426 2219 558 2305 ¹supplet
579 2218 712 2306 ὑποφέρειν
733 2221 779 2282 δεῖ.
816 2217 931 2281 Malim
948 2214 1075 2281 credere
1090 2237 1158 2279 ver·

126 2319 207 2384 bum
221 2318 382 2407 quoddam
397 2320 553 2400 excidisse,
572 2342 668 2406 quam
691 2318 895 2405 praesentibus
912 2314 1073 2381 mutandis
1086 2316 1158 2381 sen·

127 2422 197 2487 sum
211 2423 410 2487 constituere.
440 2425 547 2489 Locus
561 2421 754 2509 ceteroquin
770 2423 861 2485 sanus
876 2421 929 2486 est.
961 2421 1053 2493 Εὐθὺς
1067 2418 1160 2485 initio

126 2526 291 2592 sententiae
305 2527 348 2590 est
362 2526 485 2615 exempdz
499 2527 618 2612 gratia,
633 2539 671 2589 ut
685 2523 802 2588 αὐτίκαι
826 2523 952 2588 monuit
967 2523 1008 2586 G.
1026 2521 1159 2593 Koenius

126 2627 168 2692 ad
191 2627 340 2692 Corinth.
365 2648 397 2713 p.
420 2643 500 2713 195:
528 2628 573 2691 D.
595 2625 806 2692 Ruhnkenius
827 2625 868 2691 ad
888 2622 1001 2689 Timaei
1023 2625 1100 2688 Lex.
1123 2645 1157 2711 p.

125 2731 189 2814 56:
219 2744 252 2793 et
273 2729 383 2793 multis
404 2729 563 2794 Plutarchi
584 2728 663 2792 locis
685 2728 730 2791 ita
750 2727 935 2813 usurpatur:
967 2727 1052 2813 Opp.
1067 2727 1156 2791 Mor.

124 2852 158 2916 p.
173 2830 247 2916 938.
261 2829 301 2894 C.
318 2831 396 2904 εὐθὺς
409 2832 440 2892 ri
454 2839 616 2917 πρῶτον-ι
641 2852 673 2913 Ρ.
687 2830 761 2913 456.
777 2828 820 2891 A.
840 2829 891 2890 οἷον
905 2826 1001 2900 εὐθύςο
1024 2843 1100 2909 470.
1114 2827 1155 2892 B.

125 2951 201 3016 494.
217 2932 261 2994 A.
282 2946 358 3015 515.
372 2933 416 2997 D.
440 2934 513 3015 758.
529 2935 571 2994 A.
607 2931 694 2995 Dion
711 2931 824 3017 Chrys.
836 2931 892 2994 Or.
906 2931 967 2992 XI.
982 2952 1013 3015 p.
1029 2928 1154 3014 191.A.

124 3034 252 3102 Deinde
273 3041 295 3097 εἰ
316 3035 411 3114 βέλει,
432 3036 517 3121 ΟΡΡ.
536 3037 624 3102 Mor.
648 3056 681 3120 p.
696 3036 770 3117 667.
788 3037 831 3097 A.
858 3035 932 3117 699.
948 3035 999 3095 A:
1023 3046 1057 3095 et
1070 3029 1156 3117 apud

123 3136 215 3217 alios,
237 3153 275 3202 ut
293 3139 417 3204 dudum
437 3139 614 3204 notavimus
629 3138 668 3202 ad
685 3137 768 3200 Piut.
792 3136 832 3200 de
855 3137 922 3199 Ser.
937 3136 1039 3199 Num.
1055 3132 1154 3200 Vind.

122 3263 157 3327 p.
172 3242 225 3304 68.
267 3244 411 3306 Deorum
435 3243 521 3330 ῥίψεις
546 3245 588 3305 ὑπ’
613 3243 755 3321 ἀλλήλων,
780 3259 972 3325 quamquam
995 3258 1059 3300 non
1082 3238 1155 3302 sunt

123 3357 258 3423 mutuae,
277 3344 331 3414 sed
351 3344 445 3409 unius
465 3345 552 3409 Jovis
573 3344 651 3408 alios
672 3346 761 3412 Deos
782 3341 920 3430 ρἷιῖονιις,
944 3339 1094 3404 dicuntur
1114 3337 1156 3405 ad

123 3445 313 3530 explendam
339 3447 582 3533 oppositionem,
605 3469 702 3534 quam
721 3455 773 3510 τῶν
798 3445 945 3532 ἀνθρώπων
968 3443 1154 3531 postulabat.

122 3545 254 3609 Deorum
268 3547 306 3610 ab
321 3548 387 3633 ipfis
402 3548 526 3612 invicem
540 3549 685 3634 rjeffiones
699 3559 726 3611 et
740 3547 953 3612 abdominibus
966 3545 1155 3611 vulneratio-

122 3669 184 3726 nes,
209 3648 252 3710 est
271 3649 461 3714 construfflo
476 3672 538 3735 qua
557 3653 686 3715 Nomen
699 3650 836 3714 Verbale
854 3648 917 3713 vim
935 3648 1032 3714 Verbi
1054 3649 1100 3713 sui
1119 3648 1153 3714 in

122 3746 264 3833 regendo
286 3750 398 3828 servat,
420 3750 461 3814 de
475 3773 537 3836 qua
557 3763 752 3816 monuerunt
772 3751 924 3815 Dukerus
943 3749 984 3814 ad
1002 3750 1152 3838 Thucyd.

122 3849 165 3911 V.
180 3851 236 3929 46.
272 3851 465 3917 Abreschius
487 3852 655 3917 Animadv.
678 3852 719 3917 ad
740 3852 884 3939 AEschyl.
908 3874 940 3937 p.
956 3867 1010 3936 57.
1033 3853 1154 3920 laudati

122 3949 264 4029 Krebfio‚
291 3954 322 4015 J.
346 3954 397 4015 M.
423 3953 517 4016 Heus
508 3976 636 4041 ngerus
661 3953 703 4017 ad
728 3952 891 4018 Vechneri
917 3952 1154 4034 Hellenolexias

120 4053 147 4113 I.
165 4071 195 4119 2.
216 4070 265 4134 17.
289 4075 323 4137 p.
339 4056 412 4133 264.
435 4068 468 4119 et
488 4055 542 4140 qui
563 4056 603 4119 ab
623 4054 673 4119 his
687 4055 846 4120 citantur
870 4067 904 4119 et
917 4076 976 4119 nos
990 4054 1042 4118 hic
1058 4051 1154 4121 semel

119 4151 188 4240 ejus
200 4153 404 4238 explicationi
417 4156 641 4221 satisfaciamus
656 4156 869 4221 memorandis
884 4156 961 4221 locis
974 4179 1046 4221 cum
1063 4157 1151 4223 Plut-

120 4253 257 4336 archeir,
273 4267 343 4321 tum
357 4256 428 4326 uiis
442 4258 585 4326 nondum
599 4257 677 4322 alibi
689 4256 823 4326 notatis:
848 4257 936 4346 Opp.
950 4257 1037 4325 Mor.
1052 4279 1086 4345 p.
1095 4274 1151 4345 45.

614 4378 665 4443 1'3
