2684 4762
184 345 245 403 seo
323 332 653 402 D.W.AN1MADV.
674 336 722 396 ΙΝ
742 330 974 396 PLUTARCHI
994 330 1082 393 Lm.

189 502 349 590 sepissime
371 513 405 568 et
423 501 647 587 interpretibus
668 497 709 563 ad
731 510 877 564 accurate
898 493 1114 573 vertendum,
1137 502 1177 557 et
1194 490 1243 556 le*

156 586 161 595 ¹
188 605 340 692 gentibus
355 602 395 667 ad
410 602 495 667 reete
509 598 767 688 intelligendum,
790 599 904 663 obfuit.
948 596 1002 662 Sic
1030 592 1242 685 Plutarchum

190 705 276 791 Opp.
293 706 378 767 Mor.
394 721 427 789 p.
438 719 492 786 57.
509 704 554 766 B:
578 705 680 764 nannai
702 699 748 779 aa)
769 704 882 784 ἁγαθαὶ,
905 697 1001 762 multa
1025 697 1126 761 bona.
1166 708 1240 778 115.

189 805 233 870 A.
248 805 353 867 πολλοὶ
367 802 412 882 καὶ
423 804 511 884 sopri,
525 801 612 865 multi
622 802 785 889 sapientes.
818 817 890 886 793.
907 803 942 864 F.
961 802 1001 862 τὰ
1014 799 1134 860 πολλὰ
1146 799 1240 885 pasagii

190 905 342 970 dicuntur
353 907 391 968 τὰ
403 908 506 967 πολλὰ
519 902 565 983 καὶ
579 903 677 989 μικρά.
712 903 825 966 Artax.
845 918 937 985 1017.
951 902 991 963 E.
1030 900 1073 962 In
1088 897 1148 962 his
1162 920 1237 962 otn-

191 1006 285 1073 nibus
306 1007 384 1071 locis
404 1009 487 1080 πολὺς
510 1005 707 1093 praeponitur
721 1005 811 1070 alteri
826 1003 1003 1091 adjeetivo:
1029 1025 1110 1089 quae
1127 1001 1236 1067 collo·

191 1108 276 1174 catio
290 1109 459 1176 ledoribus
474 1132 587 1196 parum
604 1109 783 1174 exercitatis
805 1107 877 1195 plus
899 1107 997 1172 etiam
1016 1106 1134 1171 adfert
1148 1105 1236 1171 diffi-

191 1210 339 1276 cultatis:
369 1210 468 1274 veluti
489 1209 619 1274 memini
649 1232 701 1274 me
728 1209 806 1274 olim
831 1221 991 1274 recentem
1017 1208 1054 1272 in
1085 1206 1236 1274 Platonis

191 1310 329 1375 lestione
342 1310 431 1374 valde
446 1310 605 1375 offendisse
619 1310 698 1374 illud
714 1311 746 1373 in
759 1302 923 1397 Symposio
938 1331 970 1396 p.
979 1327 1057 1394 324.
1068 1311 1111 1373 Ε.
1129 1312 1165 1372 οὐ
1176 1311 1237 1396 γὰρ

191 1406 226 1474 ris
240 1410 352 1493 ἓκτομα)
368 1413 412 1473 s'si
429 1412 520 1493 δεσμοὶ
536 1411 666 1488 ἀλλήλων
680 1411 830 1495 ἐγίγνοντο,
853 1413 874 1497 ἢ,
893 1409 972 1474 ἄλλα
983 1414 1083 1472 πολλὰ
1097 1410 1123 1496 ‘st
1137 1409 1237 1489 βίαια,

86 1575 90 1581 .
193 1519 216 1576 si
230 1511 319 1599 Ἔρως
335 1518 361 1575 ἐν
377 1516 467 1587 αὐτοῖς
482 1510 529 1590 is:
554 1512 609 1576 ubi
631 1512 651 1575 sr
672 1513 824 1598 scriptum
846 1513 962 1592 fuisset,
980 1509 1026 1590 ud
1043 1510 1131 1575 ἄλλα
1151 1510 1238 1591 βίαια

194 1638 240 1691 >tuq
252 1617 357 1692 πολλὰ,
373 1612 590 1677 intellexissem
610 1625 637 1676 et
651 1612 716 1676 alia
728 1612 860 1676 violenta
874 1611 1089 1700 0113111111νῖ10,
1109 1612 1162 1678 nil
1185 1634 1238 1677 me

194 1714 389 1781 offendisset:
419 1736 516 1792 nunc,
541 1714 605 1778 olio
629 1714 723 1778 multa
745 1727 773 1777 et
797 1714 941 1794 violenta,
962 1713 1134 1779 insolitum
1158 1736 1239 1780 cum

194 1815 384 1903 corruptelae
399 1815 574 1902 suspicione
588 1816 628 1881 ad
650 1817 771 1881 sensum
786 1839 894 1880 meum
912 1814 1102 1897 aecidehat3
1125 1829 1170 1880 ut
1191 1798 1241 1897 aa}

194 1916 301 1982 delere
321 1918 447 1997 vellem,
471 1919 640 2004 prasertim
656 1918 763 1982 videns
785 1918 930 1983 omissum
949 1916 1061 1982 Ficino
1076 1919 1238 1997 vertenti,

195 2042 287 2106 neque
308 2018 382 2083 enim
405 2017 527 2105 cqstrari
548 2021 672 2084 invicem
686 2031 714 2083 et
731 2018 855 2097 vinciri,
870 2018 990 2106 aliaque
1002 2017 1143 2082 violenta
1164 2032 1240 2108 per·

195 2122 291 2185 multa
305 2121 365 2185 diis
379 2121 445 2185 olim
468 2121 659 2210 contigifflnt,
670 2121 706 2207 st
722 2121 816 2186 Amor
831 2120 892 2184 illis
907 2133 976 2184 tunc
989 2119 1145 2206 affieiffet.
1195 2124 1240 2186 Et

195 2222 323 2309 quando
348 2223 403 2287 illo
431 2235 576 2308 tempore
605 2222 806 2311 Symposium
828 2235 862 2285 et
889 2221 1059 2286 Phaedrum
1082 2221 1241 2310 dialogos

196 2325 393 2411 conjuntlim
409 2322 501 2388 edere
516 2323 749 2403 constitueram,
766 2323 937 2409 seduloque
952 2321 993 2387 ad
1013 2343 1069 2387 eos
1088 2312 1238 2388 annota-

196 2425 272 2488 bam
294 2423 381 2510 quod
402 2423 443 2487 ad
466 2446 537 2487 eam
561 2445 628 2488 rem
651 2437 867 2510 opportunum
886 2423 918 2487 in
935 2422 1069 2487 aliorum
1089 2423 1239 2490 sessione

197 2523 351 2588 librorum
364 2538 546 2588 occurreret
556 2548 566 2603 ;
590 2538 640 2590 tot
659 2524 746 2589 brevi
764 2522 1070 2610 tempore-annotavi
1085 2523 1240 2589 Platonis

198 2624 298 2702 locos,
321 2635 358 2688 nt
379 2624 458 2688 alios
479 2623 594 2688 deinde
611 2638 774 2710 tamquam
797 2625 1040 2710 snpen'acaneos
1054 2623 1121 2688 fine
1136 2638 1239 2691 nota·

197 2723 285 2789 tione
300 2724 556 2789 transmitterem.
593 2724 657 2790 Sed
670 2738 777 2789 tamen
792 2724 871 2789 utile
886 2726 922 2789 fit
935 2724 977 2789 ad
993 2725 1138 2790 tironum
1152 2747 1238 2812 pro·

197 2822 317 2910 gretsm
332 2822 502 2911 juvandos,
523 2823 656 2889 colletia
669 2824 724 2888 illa
737 2824 913 2889 testimonia
927 2825 988 2889 suis
1001 2824 1113 2890 saltem
1136 2827 1239 2913 pagi-

198 2924 249 2990 nis
262 2924 419 3012 literisque
432 2925 621 3012 fignificalse.
651 2926 756 3012 igitur
766 2948 840 2990 mox
854 2927 886 2991 in
901 2926 1015 2992 eodem
1029 2926 1239 3011 deprehendi

200 3026 364 3115 Symposio
378 3047 418 3113 p.
426 3046 502 3112 330.
517 3028 552 3090 F.
568 3031 662 3091 manat
677 3025 723 3105 nol
737 3033 814 3090 καλὰ
835 3026 923 3115 ἔμγαε
947 3040 982 3091 et
1003 3027 1115 3092 fimilia
1138 3028 1239 3096 dein·

199 3146 287 3212 cepe,
310 3125 500 3211 Hipparcho
521 3144 551 3190 2.
575 3128 609 3189 F.
626 3127 671 3188 H.
701 3127 836 3190 Menon.
853 3146 903 3192 21.
916 3129 959 3190 G.
984 3145 1036 3193 22.
1051 3128 1094 3190 A.
1120 3147 1178 3210 24.
1190 3132 1240 3196 D.

199 3226 238 3291 E.
263 3227 371 3292 Alcib.
388 3228 432 3290 11.
447 3225 501 3311 38.
516 3228 551 3291 F.
589 3226 772 3314 Euthyphr.
791 3246 846 3312 53.
862 3229 905 3291 A.
920 3229 958 3292 Β.
1000 3228 1143 3292 Lachete
1158 3234 1238 3312 246.

200 3328 244 3392 A.
275 3326 408 3391 Phaedro
421 3345 496 3412 341.
512 3330 547 3393 F.
567 3329 697 3412 343.G.
720 3342 795 3413 345.
810 3331 852 3392 A.
875 3345 949 3413 353.
966 3330 1009 3393 D.
1046 3331 1240 3398 Menexeno

200 3447 276 3507 404.
295 3430 337 3490 il.
377 3429 457 3514 Rep.
474 3429 536 3492 111.
551 3447 626 3508 444.
643 3429 678 3492 F.
707 3428 749 3490 X.
764 3447 839 3514 519·
859 3429 899 3492 C.
936 3428 1054 3494 Juliani
1071 3431 1130 3495 Or.
1149 3435 1179 3496 I.
1202 3455 1239 3521 p.

202 3527 234 3591 8.
253 3528 296 3590 D.
329 3526 448 3614 Synessi
468 3529 530 3612 Ep.
546 3528 668 3592 LVllI.
692 3548 724 3614 p.
744 3547 815 3593 202.
832 3529 872 3592 C.
908 3529 1070 3593 Caeterum
1093 3529 1126 3594 in
1150 3553 1238 3619 prte-

201 3627 289 3692 sente
316 3627 388 3693 loco
411 3627 601 3693 Harleianus
627 3627 740 3706 codex,
765 3629 875 3694 omisso
901 3630 958 3710 καὶ,
984 3629 1082 3694 habet
1105 3633 1139 3695 ri
1163 3637 1240 3700 πολὺ

202 3753 286 3794 unos.

243 3851 297 3914 41.
315 3832 349 3895 F.
372 3834 509 3911 &sessim
522 3833 560 3893 τὰ
573 3835 678 3919 ἀνθηρὰ
698 3830 745 3910 aa}
761 3831 841 3908 εὐώδη
860 3842 913 3896 τῶν
927 3834 1061 3918 psam]
1088 3833 1240 3919 Constat,

202 3935 284 4000 serta
300 3931 348 3998 vel
362 3953 402 3997 ex
415 3931 558 4010 floribus,
573 3931 621 3996 vel
636 3955 675 3997 ex
690 3933 784 4013 foliis,
800 3933 846 3996 vel
861 3955 901 3997 ex
915 3935 1065 4020 utrisque,
1079 3943 1241 4024 componi

203 4036 293 4102 solita
307 4033 405 4098 fnisse.
440 4032 542 4118 Atqui
558 4032 689 4098 hicnon
705 4034 758 4097 nist
773 4035 883 4117 φύλλων
906 4035 941 4098 fit
963 4035 1104 4100 mentio:
1130 4060 1242 4127 neque

199 4156 277 4203 vero
292 4139 348 4203 sub
362 4137 425 4202 hoc
438 4150 602 4224 tamqnam
616 4136 743 4223 generis
757 4137 886 4201 nomine
889 4137 985 4224 flores
998 4160 1127 4225 quoque
1141 4162 1248 4208 oom·‚

204 4240 359 4327 prehendi
379 4237 518 4325 possunt.
555 4238 658 4326 Igitur
675 4260 715 4303 eo
734 4238 881 4318 inducor,
904 4253 944 4303 ut
965 4255 1079 4328 putem
1095 4242 1245 4313 eustorio
