2684 4762
152 355 158 376 ι
168 338 211 410 9⁰
281 331 320 393 n.
335 332 385 390 w.
406 327 802 393 anmantuusronns
820 328 870 391 ru
889 327 1098 393 1111111111

168 495 304 561 Homeri
332 494 454 561 ditium
480 495 629 582 spectavit
656 494 821 561 Himerius
849 495 907 561 Or.
933 494 1043 562 XXX.
1074 515 1110 582 p.
1129 496 1199 582 85⁸.

168 598 245 663 edit.
262 597 462 666 Wemsdors.
483 597 555 664 loco
569 598 679 666 misere
700 597 851 664 lacerato.
895 601 949 664 An
971 621 1045 666 vero
1068 598 1201 687 scriptor

62 737 67 754 ι
167 699 263 788 hujus
291 700 400 781 libelli,
429 713 467 767 ut
493 700 615 767 scilicet.
638 698 810 788 discipulus
835 700 900 767 veri
932 700 1108 782 Plutarchi,
1139 701 1201 769 hoe

156 804 327 890 'Phoenicis
341 804 484 892 elogium
503 803 576 869 satis
597 803 629 868 in
653 802 768 891 vulgus
779 815 894 870 notum
910 801 1056 868 censuit?
1081 803 1199 891 quippe

167 907 318 993 peculiari
332 907 413 986 libro
427 907 613 994 explicitum
633 928 653 970 a
671 905 861 986 Plutarcho3
883 904 1038 992 siquidem
1051 904 1087 969 in
1103 907 1198 971 Lam·

166 1006 245 1095 priae
259 1007 428 1096 Catalogo,
446 1009 546 1074 Num.
564 1023 636 1092 177.
654 1019 850 1073 memoratur
860 1004 1020 1092 Ἀχιλλέως
1033 1007 1158 1072 παιδεία.

207 1124 242 1191 4.
255 1111 293 1174 Β.
316 1110 500 1185 minutae,
518 1115 576 1196 γὰρ
598 1110 721 1192 ζητητέον
741 1114 796 1184 τοῖς
818 1107 939 1196 norw]
964 1109 1118 1176 Discendi
1136 1110 1195 1176 ini·

166 1208 249 1275 tium
264 1233 344 1297 puer
357 1211 493 1276 faciebat
506 1207 592 1297 apud
605 1211 780 1291 διδάσκαλον,
800 1208 898 1298 idque
911 1211 1031 1277 comite
1045 1211 1196 1301 pedago-

151 1331 222 1396 go,
237 1333 324 1377 anno
335 1312 400 1378 fere
412 1313 566 1400 septimo:
589 1310 677 1400 quod
686 1311 756 1400 jam
770 1313 862 1399 supra
876 1312 1056 1379 notavimus
1070 1335 1104 1400 p.
1112 1334 1145 1396 4.
1155 1315 1195 1380 A.

166 1412 242 1477 Huc
264 1411 448 1479 referendus
468 1415 511 1478 est
531 1413 769 1502 Quintillianur
792 1414 892 1479 Instit.
915 1415 971 1480 Or.
993 1418 1020 1480 Ι.
1038 1436 1067 1479 1.
1091 1437 1125 1501 p.
1142 1431 1195 1500 17:

167 1511 300 1599 Quidam
322 1513 416 1577 literis
436 1513 633 1599 irfiituendos,
653 1515 847 1602 quintinum
859 1516 974 1602 septem
993 1515 1082 1579 annis
1099 1517 1195 1602 effert,

164 1635 223 1677 non
243 1625 444 1701 putauerunt3
462 1615 542 1705 quod
557 1614 614 1679 illa
627 1615 759 1703 ‘prinum
778 1628 854 1680 aetns
872 1627 901 1679 et
917 1614 1098 1682 intellecturi
1112 1616 1196 1704 dyei-

159 1712 316 1802 plinarurn
330 1729 432 1802 cepere
445 1730 472 1780 et
487 1717 614 1782 laborem
628 1717 697 1805 pati
711 1715 806 1806 poffit.
843 1717 882 1782 In
893 1742 954 1806 qua
961 1718 1116 1805 sententia
1130 1718 1196 1784 He·

152 1812 274 1900 siodurn
295 1816 348 1902 effe
365 1815 490 1904 plurimi
512 1818 646 1897 tradunt,
663 1818 715 1904 qui
734 1830 803 1881 ante
820 1817 1055 1884 Grannum
1076 1817 1196 1904 Arsso·

160 1915 289 2003 phanum
298 1917 450 2004 suerunt3
474 1943 544 1983 narn
559 1919 584 1983 is
599 1919 713 2006 primus
727 1919 875 1999 ὑκοθῆκας,
890 1919 923 1982 in
937 1943 993 2006 quo
1008 1918 1083 1984 libro
1094 1921 1196 2008 scrip·

164 2029 227 2084 turn
241 2021 293 2107 boc
307 2022 470 2103 invenitur,
484 2023 611 2111 negauit
625 2022 679 2110 effe
693 2008 781 2110 hujus
800 2034 904 2109 poeta.
943 2022 1004 2088 sed
1017 2021 1075 2088 alii
1088 2047 1198 2113 preuqm

163 2131 307 2206 auctores,
326 2125 403 2190 inter
416 2144 486 2214 quos
501 2123 718 2213 Eratosthenes,
733 2126 809 2189 idem
826 2137 1046 2214 perceperuntr
1081 2123 1198 2191 Melius

162 2237 273 2306 auten,
288 2228 340 2314 qui
353 2217 469 2292 nuilun
485 2239 594 2313 tempus
609 2250 679 2290 eura
691 2250 803 2290 vacare
814 2226 931 2305 uolunt,
947 2238 982 2289 ut
998 2226 1194 2316 Chrysippeis

161 2349 233 2389 narn
248 2328 285 2405 is,
300 2327 439 2416 quamvis
460 2327 623 2391 nutricibus
640 2327 801 2390 triennium
822 2327 946 2406 dederit,
968 2340 1067 2391 tanen
1080 2326 1197 2393 abillis

162 2450 274 2516 quoque
284 2429 354 2515 jem
370 2427 589 2513 irfforrnnndum
611 2451 700 2515 quarn
715 2427 830 2516 optimis
843 2427 983 2512 irfiitutir
1002 2441 1128 2494 nentem
1146 2431 1195 2495 in·
1215 2455 1221 2463 ·

150 2528 294 2613 santium
304 2528 437 2616 judicat.
483 2528 573 2593 Idem
590 2527 616 2592 Ι.
634 2546 663 2596 2.
687 2550 719 2616 p.
734 2545 792 2616 25:
816 2542 845 2593 et
864 2542 1069 2618 preceptorem
1090 2531 1197 2620 eligere

26 2622 32 2632 ’
150 2629 367 2717 santiiffinrurn
389 2653 538 2718 quemque,
563 2630 643 2713 nejus
666 2631 709 2694 rei
734 2631 885 2719 praecipuo
904 2630 1102 2720 prudentibus
1123 2657 1195 2698 eura

161 2730 209 2816 est,
225 2743 255 2795 et
267 2731 452 2820 disciplinam
469 2757 538 2818 quae
556 2732 683 2796 maxime
693 2735 805 2818 severa
816 2732 933 2818 fierit,
955 2733 1038 2798 iicet:
1061 2747 1090 2799 et
1101 2734 1195 2800 nihile

159 2831 258 2895 ninus
272 2833 397 2896 anicien
407 2855 536 2921 grauem
549 2832 662 2912 uirum,
678 2833 861 2920 autfidelern
877 2833 1014 2899 libertum
1026 2835 1116 2900 interi
1125 2835 1195 2924 filii

149 2930 205 3018 firi
227 2932 401 3021 adjungere,
426 2933 508 3022 creJ'ur
529 2931 660 3019 afflduus
685 2934 836 2997 comitatus
858 2935 947 2998 etiarn
975 2932 1043 2998 illos
1063 2934 1194 3001 nreliores

147 3033 266 3121 faciat,
281 3036 331 3122 qui
346 3035 535 3099 timebuntur.
564 3035 693 3100 Hesiodi
708 3040 841 3116 unehine,
855 3035 1106 3102 nominabantur
1119 3038 1192 3125 qui·

158 3135 234 3200 (lem
255 3136 354 3201 etiarn
376 3147 538 3222 praecepta
560 3134 720 3200 Carminis
734 3133 834 3222 Ἔργα
853 3136 874 3222 a}
894 3135 1032 3222 Ἡμέραι
1063 3136 1192 3211 sedhic

158 3236 199 3303 de
221 3237 296 3318 alio,
319 3237 416 3327 hujus
437 3235 587 3315 nominis,
610 3240 754 3314 mutim
773 3236 900 3322 perdito
918 3237 1071 3304 Carmine
1089 3238 1191 3305 sermo

157 3341 213 3419 eli,
228 3339 426 3427 quodetiam
441 3337 481 3403 ad
498 3337 684 3416 Chironem,
701 3337 838 3402 Achillis
852 3338 1058 3420 nutritorem,
1072 3339 1190 3410 refere-

16 3421 19 3427 ’
116 3486 128 3537 Ι,
155 3440 269 3506 batur:
289 3441 330 3505 de
352 3464 417 3528 quo
434 3418 468 3508 JI
479 3441 521 3506 a.
541 3438 703 3507 rabanus
722 3438 807 3504 niel.
826 3440 933 3503 croc.
947 3440 1023 3505 vor.
1039 3441 1066 3504 1.
1090 3462 1124 3526 p.
1140 3459 1188 3527 13.

156 3542 274 3627 Neque
292 3563 377 3622 vero,
400 3541 487 3628 quod
509 3541 554 3605 ait
576 3540 697 3627 Regius
719 3539 752 3604 in
775 3553 853 3605 nota
871 3539 913 3604 ad
931 3541 1187 3629 Quinetilianum

155 3641 180 3706 1.
194 3662 225 3704 c.
248 3663 282 3727 p.
301 3641 351 3704 18.
387 3641 573 3705 Aristoteles
595 3639 689 3718 Polit.
703 3642 781 3705 VII.
799 3657 850 3724 17.
871 3643 1027 3729 praecepti
1048 3642 1190 3710 Hesrodii

157 3741 306 3809 meminit
317 3769 327 3824 3
350 3743 470 3829 quippe
491 3742 547 3827 qui
568 3742 723 3808 omittens
745 3741 873 3807 Hesiodi
890 3767 1021 3824 nomen,
1036 3745 1189 3833 frequen·

155 3859 258 3912 tatem
272 3843 429 3932 plerisque
444 3843 629 3930 septennem
643 3842 850 3909 institutionis
864 3845 1119 3913 distributionem
1137 3871 1188 3915 re·

153 3947 339 4039 prehendit.
368 3946 545 4033 Disciplina
559 3945 639 4011 dura
651 3968 688 4010 ac
704 3947 808 4012 severa
822 3970 885 4034 qua
897 3970 978 4034 puer
990 3973 1010 4014 a
1023 3951 1188 4039 magistro,

153 4052 347 4140 paedagogo,
373 4049 570 4136 parentibus,
596 4049 794 4129 continetur,
817 4051 958 4139 eleganti
987 4053 1107 4119 Chreia
1128 4052 1187 4118 de·

153 4152 303 4218 scribitur
323 4152 357 4217 in
381 4151 654 4238 Paradigmatibus
673 4151 814 4218 Theonis
836 4175 868 4240 p.
887 4174 958 4240 ¹30·
973 4155 1085 4244 etseq.
1107 4155 1188 4223 edit.

152 4254 245 4326 Bau
260 4255 292 4321 8.
308 4254 663 4349 1541.3ets‚ub1ibanii
677 4255 808 4338 nomine
821 4258 898 4324 T.1.
912 4276 947 4346 p.
962 4271 1013 4344 15.
1041 4258 1187 4342 Pertinet
