2684 4762
221 328 281 396 298
361 323 401 382 D.
414 322 466 381 W.
486 321 694 381 ANIMADV.
714 322 762 381 IN
781 320 1012 382 PLUTARCHI
1033 320 1106 379 LIB.

220 482 321 560 δόξαις.
356 485 408 548 De
429 486 541 548 Praem.
562 498 595 550 et
615 487 701 550 Poen.
724 507 756 571 p.
778 500 851 572 925.
872 487 917 550 D.
954 486 1005 549 De
1025 481 1164 548 Somniis
1187 480 1255 545 ΙΙΙ.

220 604 255 670 p.
274 605 365 670 1113.
382 588 424 649 D.
456 588 508 650 De
523 587 680 652 Fortitud.
699 610 731 673 p.
747 604 819 672 735.
836 589 874 650 B.
909 585 1097 650 Plutarchus
1111 586 1163 646 De
1179 583 1253 646 Cu·

220 685 355 770 piditate
368 688 561 752 DIVItIarurn
572 711 606 774 p.
620 704 695 773 524.
711 691 757 752 E:
774 688 863 752 Ὅθεν
877 687 905 751 εὖ
918 689 991 774 πρὸς
1010 684 1096 760 vairas
1118 684 1255 762 λέλεκτοᾳ

219 789 269 849 tini
290 795 338 850 τοῦ
359 789 494 867 Σόλωνος,
527 796 551 828 “
566 788 673 853 Πλέτε
698 791 718 852 δ’
746 792 804 854 οἰδὲν
831 790 921 876 τέρμα
941 787 1119 871 πεφασμένον
1139 787 1253 872 ἀνθρώ-

220 893 246 941 ·“
259 893 373 955 τοιονν·”
396 890 449 954 ἐπεὶ
469 895 523 966 τοῖς
544 918 579 977 γε
601 899 658 955 νοῦν
679 892 779 978 ἔχνονν
797 895 874 968 ὁτῆς
892 892 995 972 φύσεως
1014 896 1126 963 onom
1140 887 1252 973 pipicus.

219 990 273 1084 De
293 992 417 1056 infinita
435 992 614 1058 divitiarum
631 992 808 1079 cupiditate
829 992 916 1057 dicio
936 991 1062 1057 Solonis
1082 989 1253 1054 addendus

219 1090 262 1155 est
276 1090 366 1155 locus
380 1091 598 1177 Aristophanis
614 1091 707 1157 Pluto
725 1093 796 1156 188.
812 1092 875 1178 seq.

220 1238 225 1248 ι
261 1211 316 1278 37.
332 1196 375 1257 Α.
396 1196 427 1256 τὸ
442 1196 564 1275 εὐδαῖμον
582 1196 603 1280 οὲ
622 1193 938 1282 μακάριον-ὁρίζοντι]
965 1195 1038 1257 Hoc
1053 1212 1252 1277 quamquam

221 1316 285 1359 non
299 1295 385 1373 alibi,
401 1296 487 1382 quod
507 1296 617 1374 sciam,
637 1296 693 1359 sub
713 1295 844 1381 Epicuri
859 1294 988 1359 nomine
1009 1295 1116 1369 exstat,
1132 1293 1175 1356 est
1198 1308 1249 1356 ta-

220 1416 294 1460 men
314 1396 408 1481 plane
429 1397 620 1482 Epicureum
639 1410 672 1459 et
691 1408 893 1480 argumento,
915 1409 948 1459 et
969 1396 1103 1472 ratione,
1121 1407 1156 1457 et
1174 1415 1251 1456 ora·

220 1497 328 1577 tione3
351 1511 388 1561 ut
407 1499 491 1562 reite
507 1497 583 1561 item
601 1496 754 1583 judicasse
768 1496 912 1560 videatur
931 1498 965 1560 P.
981 1494 1169 1573 Gaffendus,
1185 1493 1252 1557 hoc

219 1597 352 1660 effatum
375 1599 457 1682 quasr
478 1597 669 1662 antecedens
688 1596 747 1660 eise
766 1596 807 1660 ad
826 1596 905 1661 illud
925 1595 1020 1683 nogion
1035 1597 1115 1672 δοξῶν
1134 1593 1159 1666 ς’
1172 1606 1208 1658 et
1224 1597 1252 1675 ζ’

218 1694 343 1782 aliaque
356 1699 451 1762 effata
463 1699 499 1760 dt
508 1697 671 1784 fugiendis
689 1698 801 1784 regnis,
815 1697 981 1774 honoribus,
996 1695 1168 1784 reipublicae
1190 1696 1250 1757 od-

216 1796 437 1883 ministratione,
465 1799 705 1864 Commentario
732 1799 774 1863 ad
800 1799 914 1863 librum
947 1797 1103 1883 Diogenis
1129 1797 1251 1862 laertii

219 1898 262 1963 X.
283 1920 316 1984 p.
335 1915 414 1985 135:
438 1913 534 1987 atque
548 1914 728 1987 opportune
742 1899 847 1964 adfert
860 1899 1019 1963 monitum
1034 1897 1127 1983 plane
1141 1899 1245 1984 gemi-

217 2021 295 2065 num
322 2000 478 2067 Johannis
508 2001 734 2089 Chrysostomi‚
762 2014 800 2065 ut
825 2000 934 2086 paucio
963 1998 1095 2063 mutatis
1118 2021 1158 2062 ex
1183 1998 1249 2064 hoe

216 2101 376 2186 Epicureo
398 2118 561 2189 precepto
578 2103 739 2168 redditum
756 2102 909 2181 videatur,
927 2101 1072 2166 Homilia
1085 2104 1111 2165 1.
1131 2100 1165 2164 in
1183 2104 1249 2186 Ep.

217 2202 258 2269 ad
277 2206 370 2270 Rom.
386 2207 471 2290 Opp.
485 2207 523 2269 T.
537 2207 595 2270 IV.
617 2228 650 2292 p.
668 2219 718 2288 15.
733 2206 777 2270 B:
802 2202 947 2285 Eri-inpiati
960 2208 1019 2290 γοὶς
1032 2201 1078 2281 κοῦ
1088 2207 1186 2288 χαρὰν
1199 2207 1250 2265 οὐκ

216 2308 306 2390 ἆμχῆς
320 2305 450 2389 μέγεθος,
466 2311 494 2369 οὐ
510 2306 665 2392 χςημᾶτων
679 2312 802 2382 πλῆθος,
817 2310 846 2368 ου’
860 2302 998 2379 donanim
1012 2302 1105 2389 ὄγκος,
1127 2309 1163 2367 rix
1184 2305 1250 2388 ἰχὺς

216 2406 356 2486 σώματος,
373 2410 401 2468 ού
416 2409 588 2470 πολυτέλεια
600 2407 745 2494 τραπέζης,
763 2410 805 2492 ἐχ
820 2405 934 2489 ἱματίων
948 2405 1061 2487 κόσμος,
1081 2408 1118 2467 ἐκ
1132 2402 1206 2468 ἄλλο
1220 2432 1249 2469 τι

215 2514 270 2570 τῶν
291 2507 462 2594 ἀνθρωπίνων
482 2513 562 2571 ποιεῖν
582 2507 685 2587 εἴωθεν,
706 2511 772 2571 ἀλλ’
792 2507 807 2585 ἢ
826 2507 995 2594 κατόρθωμα
1016 2506 1093 2587 μόνον
1114 2533 1248 2587 meopa-

216 2610 303 2686 τνκὸν,
329 2607 374 2688 καὶ
395 2593 507 2683 συνειδὸς
530 2609 652 2694 ἀγαθόν.
689 2609 754 2674 Cui
775 2608 871 2672 fimile
893 2609 936 2671 est
955 2607 1096 2695 ejusdem
1120 2607 1247 2672 Homil-

216 2709 269 2774 De
294 2712 373 2772 Fato
392 2722 427 2772 et
450 2708 572 2773 Provid.
596 2710 623 2772 l.
646 2711 684 2772 T.
702 2711 728 2772 I.
751 2731 784 2795 p.
800 2712 873 2791 716.
888 2711 933 2772 E:
958 2711 1016 2772 οἰδὲν
1031 2711 1141 2793 ἀγαθὸν
1161 2714 1188 2772 ἐν
1207 2716 1251 2794 τῷ

216 2807 336 2894 παρόντι
355 2807 420 2893 βίῳ,
440 2810 506 2871 ἀλλ’
528 2814 542 2884 ἡ
564 2811 646 2893 ἀρετὴ
665 2809 755 2889 μόνον,
774 2811 803 2870 ori
824 2814 948 2886 ττλὲτος,
973 2812 1002 2870 οὐ
1017 2810 1169 2894 χρήματα,
1191 2814 1249 2895 οὐχ

216 2913 317 2996 ὑγιεία,
332 2916 361 2974 οὐ
376 2910 553 2984 δυνοςεία-.
588 2913 636 2974 Ex
649 2911 764 2976 eodem
779 2911 867 2974 fonte
882 2911 1009 2974 haufiffo
1023 2911 1147 2974 videtur
1156 2911 1246 2975 The·

215 3014 335 3078 mistius
360 3017 451 3079 Orat.
472 3015 632 3079 XXXIII.
655 3035 689 3099 p.
704 3015 780 3097 365.
794 3014 915 3077 B—D:
940 3017 984 3074 Oti
1007 3017 1065 3097 γὰρ
1087 3017 1112 3075 ἐν
1132 3013 1247 3099 ἀργύρῳ

212 3117 245 3180 τὸ
263 3115 424 3202 εὗὸοινμοννζ1
445 3116 591 3201 μακάριον,
609 3118 651 3177 ἐὸὲ
669 3121 695 3178 ἐν
713 3118 810 3188 ποτοῖς
825 3112 871 3193 καὶ
884 3113 1032 3187 σντῖονς-.
1068 3118 1131 3177 Οὐκ
1145 3113 1201 3200 ἄρα
1219 3121 1249 3180 ἐν

214 3219 306 3296 κτήσει
329 3220 451 3306 ἀμέτρῳ,
474 3225 553 3282 ἀλλὰ
574 3223 654 3305 ψυχῇ
678 3218 815 3304 ἐμμέτρῳ,
835 3221 866 3280 τὸ
885 3217 972 3281 induo
993 3219 1068 3297 εἶνον,
1092 3218 1138 3298 noi
1158 3224 1185 3283 ir
1204 3228 1247 3306 τῷ

214 3323 406 3399 σετανὸεὖοθον
420 3320 561 3400 παιδείαν,
575 3320 604 3396 ἧς
618 3326 685 3383 reiro
701 3320 778 3405 ἔργον
792 3324 829 3382 τὰ
842 3326 888 3394 τῆς
902 3323 996 3405 ψυχῆς
1015 3321 1050 3402 (I.
1066 3344 1141 3384 cum
1155 3323 1246 3386 Har·

215 3419 314 3484 duino
335 3423 435 3507 τύχης)
460 3428 563 3507 ἁγαθοὶ
583 3430 630 3486 τοῦ
650 3421 801 3502 κεκτημένον
819 3429 946 3501 ποιῆσαν.
984 3423 1054 3507 Ipse
1073 3423 1245 3506 Epicurus,

215 3533 253 3582 ut
269 3518 329 3580 alia
345 3520 458 3598 multa,
476 3543 539 3584 non
558 3520 590 3584 in
609 3520 744 3607 physrcis
765 3521 879 3600 solum,
896 3519 995 3584 sedet
1010 3522 1041 3584 in
1057 3521 1245 3603 moralibus,

213 3617 254 3685 iic
277 3618 375 3682 hoca
397 3622 585 3686 Democrito
606 3623 709 3701 duxit,
726 3622 817 3708 cujus
840 3623 872 3685 in
890 3622 1051 3686 sententiis
1071 3645 1089 3685 a
1111 3625 1245 3688 Stobaeo

213 3715 340 3782 servatis
354 3721 451 3783 exstat
463 3723 565 3784 Serm.
582 3724 609 3784 1.
633 3743 666 3806 p.
681 3742 714 3803 4.
730 3723 859 3807 egregia
874 3721 1153 3807 disputatiuncula,
1169 3724 1244 3789 lon·

212 3819 285 3906 gior
299 3819 352 3883 ilia
368 3843 463 3907 quarn
478 3845 549 3908 quae
565 3822 617 3885 hie
639 3839 828 3908 apponatur,
845 3837 878 3886 at
891 3823 1067 3909 dignissima
1080 3847 1151 3910 quae
1166 3849 1245 3892 cum

212 3924 365 4009 praesente
379 3924 440 3987 hoc
455 3923 527 3988 loco
542 3925 733 3988 conseratur.

253 4046 309 4112 37.
323 4027 360 4090 B.
381 4026 598 4113 προδναὸληθεὶς]
618 4028 791 4114 Xylander‚
809 4042 934 4093 vertens
942 4031 1066 4116 sinistro
1077 4033 1245 4120 suspitione

212 4141 375 4214 oempatus,
402 4128 487 4193 verbi
514 4127 609 4212 hujus
635 4128 697 4191 vim
724 4130 879 4215 expreiiit,
908 4153 1102 4216 quamquam
1129 4135 1243 4221 legens

212 4229 455 4314 σμσδναὸληθεὶς.
492 4230 590 4298 Verbi
610 4230 769 4302 δναὸἆλλαν
791 4234 866 4298 varii
887 4235 962 4300 sunt
982 4240 1066 4316 ui'uS,
1090 4237 1242 4324 iniitque
