2684 4762
287 302 341 368 1u
352 299 623 376 murnacnr
645 301 798 368 oen-nu
813 302 1034 376 uronarrn.
1135 281 1176 391 ις’
1280 249 1284 261 ’

150 488 299 573 Eorum,
320 489 381 585 qui
405 487 592 585 singulares
616 486 841 561 Plutarcheos
866 486 1004 562 libellos·
1018 473 1177 567 ,tironum

151 611 280 706 captui
297 610 619 698 aooommodarunt,
646 609 796 706 copiolas
826 635 899 682 non
932 604 1178 685 consedtabortv

149 744 261 829 atque,
281 730 311 804 sr.
328 732 487 821 subinde,
511 744 552 805 ut
575 732 630 818 fit,
648 731 768 804 eadem
792 731 861 828 ipse
883 732 959 804 loca
974 730 1179 831 monitaque

84 899 101 921 .
151 853 314 941 attuler0‚
332 855 411 926 haec
428 880 501 937 non
513 878 560 926 ex
577 853 715 926 illorum
733 853 863 941 rivulis,
878 853 991 928 sodex
1007 855 1179 952 ipfis'fon'e
1197 926 1202 933 .

152 977 247 1048 tibus
269 978 306 1047 in
330 1002 450 1048 meum
471 989 673 1074 apparatum
690 975 797 1048 dudio
813 999 856 1047 ex
875 1000 986 1073 eoque
1001 980 1038 1049 in
1055 978 1179 1051 Anim-

152 1098 367 1188 adverfiones
396 1099 576 1196 depromta
603 1110 743 1171 erunt‘
768 1099 1089 1188 Successores··mei,
1115 1100 1182 1173 five

153 1218 307 1292 universa
330 1221 396 1293 five
421 1199 601 1320 singularia
627 1221 802 1297 Plutarchi
824 1245 928 1320 opera
949 1223 1076 1295 edituri
1100 1223 1181 1311 sint,

151 1366 267 1416 meam
284 1368 422 1441 operam
441 1344 572 1416 etiamsi
595 1345 620 1416 s1
644 1343 885 1442 superaverint,
909 1368 954 1417 ne
971 1345 1179 1443 despiciant:

152 1465 200 1537 illi
225 1467 395 1564 cogitent,
415 1466 520 1566 longe
543 1469 683 1563 majoris
708 1469 776 1538 esse
803 1466 926 1565 laboris
950 1465 1181 1540 fundamenta
1223 1561 1228 1567 ο

145 1584 265 1690 jacere
286 1589 545 1686 aedificiumque
567 1592 750 1679 exstruere,
767 1615 875 1686 quam
895 1590 1066 1664 exstrudto
1086 1589 1180 1664 sasti-

153 1712 251 1808 gium
281 1712 479 1809 imponere:
505 1712 542 1784 hi
571 1712 753 1786 attendant
774 1725 810 1785 et
826 1723 961 1811 quanto
983 1713 1026 1785 fit
1048 1709 1181 1786 facilius

156 1859 268 1905 unum
286 1833 432 1931 copiose,
447 1860 551 1931 quam
565 1835 758 1934 octogenos
773 1834 910 1911 modice
925 1860 1049 1916 ornare
1064 1834 1180 1924 libros,

154 1957 245 2027 etin
267 1959 359 2052 parvi
377 1957 482 2030 libelli
498 1959 656 2054 quamvis
671 1956 807 2054 copioso
825 1960 1076 2030 commentario
1096 1982 1182 2029 con-

153 2077 305 2148 ficiendo
320 2103 394 2150 non
411 2080 528 2150 omnia
544 2078 713 2183 exhauriri
728 2104 749 2150 a
767 2080 866 2151 nobis
882 2080 987 2176 posse,
1004 2079 1184 2177 multaque

156 2199 306 2271 nostram
331 2199 543 2298 diligentiam
570 2201 736 2298 effirgere,
761 2225 840 2298 quae
864 2200 908 2271 ad
934 2224 1008 2272 rem
1032 2201 1183 2297 pertine·

154 2332 237 2394 ant:
264 2346 414 2418 quorum
434 2334 622 2419 utrumque
645 2322 712 2420 ipse
727 2335 888 2420 expertus
909 2323 984 2396 sum
1009 2323 1045 2395 in
1069 2321 1183 2396 libello

156 2444 202 2516 de
230 2446 312 2517 Sera
340 2445 510 2517 Numinis
538 2444 711 2518 Vindicio.
762 2441 886 2548 Hujus
911 2445 1018 2517 editio
1049 2457 1183 2543 quanto

156 2566 317 2641 habuerit
334 2565 521 2639 faciliorem
537 2567 761 2641 effectionem
782 2592 888 2664 quarn
913 2567 1020 2639 editio
1044 2570 1183 2641 univer-

157 2689 271 2762 sorum
299 2714 458 2787 operum,
484 2689 553 2761 dini
578 2691 614 2761 in
639 2689 841 2787 praesatione
864 2690 977 2786 primo
1001 2688 1184 2764 Volumini

156 2813 353 2909 praemissa:
379 2824 415 2884 et
432 2812 755 2884 Animadversiones
780 2835 869 2884 meae
894 2811 938 2883 ad
962 2810 1060 2885 illum
1083 2812 1182 2886 libel·

157 2933 232 3008 lum
252 2935 410 3033 quamvis
430 2933 627 3030 frequentes
649 2959 689 3006 ac
710 2933 846 3007 resertae
871 2945 990 3031 tarpen
1012 2959 1096 3008 curn
1119 2933 1183 3008 ha·

158 3058 244 3130 bent
260 3058 418 3146 modum,
443 3068 495 3145 ut,
519 3081 591 3130 non
614 3057 693 3129 dico
717 3058 761 3129 ad
790 3055 1050 3154 perfedlionem
1069 3055 1125 3128 sed
1140 3055 1186 3128 ad

158 3181 381 3253 necessarium
413 3181 703 3279 interpretationis
731 3178 889 3252 officium
918 3179 1031 3251 multa
1056 3179 1097 3249 iis
1123 3175 1186 3250 de·

160 3301 251 3373 smt:
290 3328 441 3399 quorum
471 3303 567 3376 haud
590 3301 883 3376 contemnendam
910 3311 1043 3397 partem
1071 3299 1188 3396 polluo

161 3422 233 3495 vidi
257 3434 295 3499 et
319 3425 493 3498 annotavi.
546 3425 724 3499 Caeterum
749 3449 771 3495 a
793 3421 1037 3495 successoribus
1058 3422 1187 3499 meissr

161 3544 356 3643 exspetlem
369 3560 423 3637 ut,
440 3571 511 3644 qua
522 3571 589 3644 ego
605 3570 692 3647 erga
703 3568 799 3618 meos
816 3545 1003 3651 decessores
1020 3545 1188 3645 religione

161 3668 242 3740 usus
268 3669 357 3757 sum,
386 3670 506 3742 eadem
534 3669 593 3766 ipfi
619 3693 701 3766 erga
723 3693 781 3741 me
803 3677 962 3757 utantur,
983 3694 1056 3742 non
1072 3670 1189 3742 videar

163 3792 308 3863 nimiam
334 3792 378 3863 ab
405 3793 445 3863 iis
466 3792 611 3888 gratiam
639 3790 843 3888 exspectare.
896 3792 957 3863 Sin
979 3789 1048 3863 hoc
1074 3788 1189 3893 majus

162 3914 210 3985 est
237 3938 342 4010 quam
370 3938 434 4010 pro
460 3913 566 4009 hujus
594 3913 706 3987 saeculi
736 3915 903 4001 moribus,
934 3915 1072 4009 meique
1100 3910 1188 3983 mihi

163 4034 369 4108 successores
399 4034 432 4107 se
461 4037 619 4133 graculos
647 4037 870 4132 praebebunt;
905 4033 1106 4107 consolabor
1130 4057 1188 4107 me

164 4180 247 4229 cum
265 4157 470 4231 conscientia
494 4158 587 4232 redte
611 4157 794 4247 saelorum,
819 4170 896 4232 turn
914 4155 1073 4231 societate
1090 4182 1189 4258 mag-
