2684 4762
251 350 302 416 IN
324 348 581 418 PLUTARCHI
604 349 752 416 OPERA
772 347 996 417 MORALIA.
1102 368 1104 374 ·
1114 375 1134 436 5

111 533 250 629 quando
277 558 364 631 opus
392 536 459 607 esse
487 535 671 622 videbitur,
700 535 869 633 explicare
894 553 969 607 non·
991 533 1132 605 omitte·

109 679 200 728 mus.
250 656 348 756 Ergo
370 658 577 754 relinquitur
599 658 699 728 nobis
723 659 758 729 in
775 683 846 754 qua
867 669 936 729 aut·
953 659 1055 729 unice
1070 668 1132 728 aut

107 777 323 873 potiffunum
340 780 523 868 versemur,
543 781 788 877 Interpretotio
798 782 1001 877 stngularrssr.

102 953 105 957 .
170 900 250 971 Jam
276 913 391 996 partes
415 904 540 974 nostrae
564 903 600 974 in
623 900 881 998 interpretando
898 927 978 997 quae
1000 901 1068 973 fint
1091 913 1132 975 ut

101 1015 211 1120 justae
228 1021 425 1119 debitaeque
441 1023 630 1120 exigendae,
653 1024 794 1095 uberius
811 1023 1055 1119 exponendum
1072 1024 1131 1095 est.

105 1140 296 1214 Materiam
330 1145 624 1241 interpretationis
656 1144 831 1241 duplicem
865 1145 1019 1216 diximus
1052 1145 1131 1233 effe,

107 1264 238 1336 Rerum
264 1278 300 1337 et
333 1255 549 1340 Verborum.¹
583 1269 656 1340 Hae
684 1267 861 1364 implicitae
883 1266 1024 1364 quidem
1052 1265 1132 1340 sunt

105 1385 212 1458 altera
237 1387 344 1477 alteri,
371 1389 466 1486 quod
483 1390 593 1462 ‘verba
615 1390 687 1462 line
709 1390 812 1462 rebus
835 1390 903 1461 esse
926 1399 1129 1486 nequeunt:

105 1519 260 1581 attamen
285 1511 419 1584 ratione
442 1512 592 1609 quadam
617 1508 816 1615 disjunstae,
839 1524 933 1584 oerte
954 1536 1027 1583 non
1045 1535 1129 1583 con·

104 1629 295 1704 fundendas
318 1635 455 1706 abono
478 1636 681 1732 interprete.
735 1635 777 1706 In
804 1633 991 1708 Verborum
1016 1634 1129 1706 Inter·

105 1756 297 1849 pretatione
324 1768 393 1828 tres
421 1768 614 1830 cernuntur
640 1768 775 1855 partes3
802 1754 1131 1854 primum,s1ngula

104 1875 232 1948 verba:
266 1877 403 1966 deinde,
432 1879 602 1952 dittiones
630 1891 667 1951 et
694 1879 853 1976 phrases:
888 1891 978 1968 tum,
1009 1902 1130 1950 earum

104 1999 317 2096 compositio,
341 2001 411 2088 seu,
434 2025 544 2073 nexus
565 2002 839 2074 constmtlionis.
891 2001 960 2073 Res
985 2024 1130 2098 genera·

90 2119 172 2190 -tim
190 2119 270 2191 sunt
286 2121 338 2192 vel
354 2126 451 2216 sotii
466 2121 520 2193 vel
535 2109 729 2216 sententies,
746 2135 788 2192 ut
802 2121 909 2217 vulgo
925 2122 1130 2217 loquuntur,

104 2241 158 2313 vel
182 2240 345 2337 historicis
366 2243 422 2315 vel
447 2243 661 2339 dogmaticae.
713 2243 784 2314 Res
807 2242 989 2329 historicae,
1017 2242 1080 2314 nisr
1104 2242 1131 2315 fi

102 2362 170 2437 ssnt
185 2363 407 2462 pervulgatae,
425 2364 595 2437 hastenus
610 2364 800 2438 tratiandae
817 2363 897 2437 sunt
914 2375 955 2436 ut
971 2376 1130 2460 appareat

54 2506 80 2537 ·-
104 2498 140 2557 et
157 2510 260 2584 quem
279 2486 473 2559 Autlorem
496 2499 533 2559 et
556 2498 722 2585 quantam
746 2485 986 2558 auetoritatem
1003 2486 1127 2559 fidem-

104 2633 174 2704 que
190 2608 352 2681 habeant.
399 2611 657 2683 Sententiarum
676 2622 747 2681 tam
766 2607 845 2681 sunt
861 2607 971 2680 multa
987 2634 1126 2706 genera,

103 2743 144 2802 ut
170 2756 211 2802 ea
232 2756 434 2811 enumerare
458 2733 635 2805 infinitum
659 2717 712 2819 fit.
766 2733 857 2835 Sunt
882 2731 935 2804 vel
958 2736 1126 2827 propriae,

101 2852 207 2949 ipsius
235 2866 329 2944 natae
358 2854 522 2928 Austoris
551 2855 703 2952 ingenio,
735 2853 789 2925 vel
815 2856 952 2941 aliene,
984 2878 1027 2924 ex
1055 2853 1128 2925 aliis

100 2975 316 3062 Austoribus
347 2976 490 3074 petit'ae:
525 2977 667 3050 illustres
692 2975 816 3064 forma,
836 2973 1024 3057 reconditae
1050 2999 1126 3045 ma-

103 3099 211 3182 terias
237 3098 292 3171 vel
309 3099 353 3171 ad
367 3098 684 3197 intelligentiamet
705 3084 898 3196 ingenium,
921 3095 980 3168 vel
1003 3096 1047 3166 ad
1069 3121 1126 3167 ac-

103 3220 234 3301 tionem
256 3232 293 3293 et
315 3223 486 3313 animum,
507 3224 703 3318 pertinent:
732 3220 787 3294 vel
808 3245 829 3291 e
851 3222 922 3292 vita
944 3216 1128 3288 communi

103 3339 277 3436 suscepte,
307 3345 361 3417 vel
393 3369 415 3416 e
445 3343 613 3442 doetrinis
641 3343 800 3415 assumtae
832 3353 867 3412 et
897 3336 1125 3437 Philosophia,

102 3464 261 3552 morales,
279 3464 440 3562 phyficae,
457 3465 659 3537 dialetticae.
694 3462 839 3536 Nullius
855 3486 927 3535 non
944 3461 1125 3535 sententiae

101 3585 209 3658 visae
226 3589 384 3683 potestas,
407 3588 433 3660 fi
457 3587 560 3683 paulo
579 3585 680 3659 altius
695 3586 811 3657 abdita
826 3584 942 3673 lateat,
961 3585 1125 3682 patefaci-

102 3706 192 3780 endo
214 3711 273 3782 est.
324 3709 453 3801 Placita
468 3709 696 3807 Philosophiae
714 3708 896 3806 diligenter
913 3708 1124 3805 explicanda,

102 3831 287 3926 praesertirn
305 3832 341 3903 in
364 3831 563 3920 Plutarcho,
581 3834 640 3928 qui
658 3834 749 3903 inter
765 3832 944 3929 primarios
961 3831 1124 3902 Historiae

102 3951 348 4050 Philosophicae
375 3953 489 4038 fontes
513 3953 682 4042 censetur,
710 3955 748 4026 in
779 3976 890 4049 eoque
916 3960 1125 4050 argumento

102 4074 189 4146 adeo
207 4077 258 4166 est
281 4075 443 4174 frequens
465 4091 508 4168 ut
534 4077 605 4148 fine
629 4074 705 4180 ejus
730 4076 957 4172 explicatione
981 4074 1125 4172 intelligi

100 4198 246 4273 omnino
275 4211 439 4298 nequeat..
486 4201 615 4299 Neque
640 4224 726 4284 vero*
748 4199 851 4276 rebus
879 4197 990 4297 magis
1018 4219 1125 4292 quarn

596 4346 617 4395 B
635 4333 658 4394 3
