2684 4762
279 319 334 384 nn
354 325 529 384 unucsr.
552 325 784 386 suenorum.
805 345 834 402 p.
850 334 895 383 12.
909 326 943 383 s.
978 393 981 400 ,
1073 331 1129 396 1³7

92 488 151 566 est,
169 485 396 574 intelligerent,
412 503 569 575 quantum
590 479 791 553 momentum
814 487 950 575 Antiqui
974 486 1005 550 in
1028 486 1129 550 mori·

97 588 159 651 bus
187 585 405 652 adolescentia
433 588 608 652 somrandis
635 588 841 674 regendisque
866 587 1044 674 posuissent.
1090 587 1128 651 ln

97 687 212 751 eodem
242 703 433 774 argumento
462 691 600 754 versatur
628 688 795 754 exordium
823 688 921 752 libelli
950 686 1130 752 Plutarchei

96 792 163 875 orep}
177 797 213 852 τέ
227 790 347 859 ἀκούσιοι
371 791 463 876 cujus
483 792 577 855 lectio
592 813 667 855 cum
687 789 814 854 illorum
834 788 970 854 tectione
984 790 1129 854 locorum

96 892 256 955 utiliffime
270 890 439 978 jungatur.
468 893 567 978 Apud
583 895 713 957 Graecos
728 892 860 957 liberam
875 914 911 955 ac
926 891 1059 955 solutam
1074 891 1128 954 fu-

96 992 150 1055 isse
164 992 406 1056 adolescentulis
423 994 521 1057 modo
534 1017 573 1058 cx
588 994 701 1079 puerili
722 993 888 1080 disciplina
906 993 1031 1079 egressis
1049 1013 1128 1056 con·

96 1096 298 1161 suetudinem
321 1121 396 1162 curn
419 1099 651 1179 meretricibus,
670 1099 817 1164 novimus
831 1122 871 1164 ex
884 1095 1068 1164 comoediis:
1093 1117 1130 1158 ac

47 1195 52 1204 ’
97 1200 212 1264 diserte
225 1223 326 1265 annos
338 1201 449 1265 definit
466 1202 554 1266 Philo
567 1202 642 1268 Jud.
658 1205 709 1268 De
723 1202 862 1288 Josepho
876 1224 907 1287 p.
917 1219 993 1286 533.
1007 1200 1054 1262 A:
1075 1201 1130 1271 τοῖς

96 1299 194 1373 ἄλλοις
216 1306 316 1382 &peiren
334 1306 407 1383 μετὰ
426 1307 474 1379 τὴν
490 1305 793 1390 τεσσαρεσκαιδεκάτην
814 1303 934 1382 ἣλικῖοιν,
957 1301 1064 1387 πόρναις
1086 1298 1131 1381 read

93 1402 297 1488 χαμαιτῦτοις,
312 1403 357 1480 κα)
369 1409 431 1478 ταῖς
442 1403 503 1482 ὅσοις
516 1410 690 1492 μιθοιςνιῖσιν
705 1407 747 1469 ἑνοῖ
760 1409 815 1480 τοῖς
830 1404 956 1488 σώμασι,
971 1409 1044 1486 μετὰ
1055 1417 1129 1465 τολ-

96 1509 146 1577 λης
161 1502 252 1575 ἀδεῖας
264 1507 388 1586 χρῆθαι·
411 1495 484 1590 παρ’
498 1510 560 1585 ἡμῖν
574 1507 600 1566 δὲ
622 1509 672 1568 οὐδ’
692 1505 789 1592 ἑταῖροι
804 1508 848 1591 ζῇν
863 1503 946 1584 dfert,
961 1509 1040 1567 ἆλλοὶ
1054 1504 1130 1565 nard

95 1609 142 1678 τῆς
157 1604 312 1688 ἑταιρούσης
327 1602 421 1690 οῖςιςοη
435 1604 505 1683 δῖκη,
520 1605 649 1681 θάνατος.
684 1607 737 1671 Slc
752 1609 935 1694 Mangeyus
950 1604 1130 1671 emendavit

96 1705 217 1783 locum,
234 1704 289 1789 qui
312 1720 465 1790 praeterea
485 1708 622 1796 postulat
639 1711 941 1798 τεοοαςεσκαιδεκαετῆ
959 1723 992 1775 et
1010 1734 1128 1795 χαμαι-

96 1832 205 1879 τυταις.

143 1930 193 1976 12.
209 1912 246 1974 B.
281 1909 531 1998 νεανισκευομένων]
573 1913 664 1988 ldem
693 1915 735 1978 est
768 1911 1016 2000 propemodum,
1044 1910 1132 1996 quod

95 2012 250 2090 νεανίσκων,
276 2013 497 2096 adolescentum.
541 2016 779 2094 Νεανισκεόεθαη,
802 2014 1004 2100 adolescentiae
1022 2026 1132 2100 tempas
1193 2073 1198 2080 .

96 2138 198 2200 agere,
219 2112 424 2199 adolescentem
439 2116 491 2198 effi
512 2126 539 2176 et
554 2115 669 2194 halem,
687 2129 724 2178 ut
745 2115 1018 2199 Xenophonteum
1036 2134 1130 2176 voca·

95 2218 210 2283 bulum
234 2216 389 2280 recensuit
413 2216 525 2279 Pollux
541 2218 585 2281 Il.
603 2235 663 2280 20:
686 2219 774 2302 Ἐρεῖς
795 2217 822 2277 n
843 2215 888 2294 nol
908 2213 985 2300 ᾑέξιν,
1001 2213 1047 2295 κα)
1060 2213 1141 2292 lsai«
1186 2245 1188 2248 ·

96 2346 182 2399 σκειν,
206 2317 252 2398 κοῖς
274 2323 308 2391 εῖς
330 2318 477 2405 μειςακῖιιιν
498 2319 607 2397 ἠλικίαν
629 2319 812 2396 ἔξαλλοῖτῖειν,
832 2319 977 2399 ἀκμάζειν,
999 2322 1139 2405 σφριγᾷν,

98 2421 208 2501 νεᾶζειν,
231 2419 410 2496 νεανιεύεθος·
435 2420 557 2498 Ξενοφῶν
571 2420 598 2480 δὲ
616 2418 662 2498 καὶ
675 2418 884 2498 νεανισκεόεθος
899 2418 955 2499 ἔφη·
977 2419 1131 2505 ’Apenas-

98 2547 141 2599 νης
161 2523 200 2598 δὲ,
220 2521 402 2598 νεανιεύεθαη,
427 2522 458 2581 τὸ
481 2526 589 2605 τολμᾷν
611 2520 668 2603 ἔφη.
712 2522 819 2583 Locus
840 2519 1065 2605 Xenophontis
1089 2519 1133 2583 est

97 2621 299 2709 Cyropaediae
324 2623 474 2704 l.2.15:
499 2621 582 2698 ἔέεςιν
602 2626 693 2696 αὐτοῖς
716 2626 741 2685 ἐν
761 2626 816 2695 τοῖς
838 2619 941 2704 &prison
962 2621 1131 2685 νιανισκεῦε·

97 2729 167 2803 θαι,
190 2723 256 2785 licet
276 2722 311 2786 iis
331 2722 407 2784 inter
422 2722 539 2808 ephebos
562 2723 782 2809 adolestentiam
804 2722 976 2814 trarfigcre.
1013 2726 1137 2792 Rarum¹

94 2828 246 2890 verbum:
271 2823 323 2886 sed
338 2823 506 2902 νεανιεύεσθαι
521 2824 681 2910 frequens,
698 2847 736 2888 ea
746 2824 875 2910 quidem
891 2825 1130 2910 fignificatione,

97 2941 136 2992 ut
156 2941 247 2991 notet
260 2925 443 3011 juveniliter
457 2924 601 3012 gloriari,
622 2926 767 3013 exsultare
774 2951 784 3006 ;
807 2941 841 2991 at
856 2949 914 3012 pro
929 2926 1133 3013 adolescentem

96 3022 162 3114 effe,
178 3019 255 3090 item
271 3049 449 3112 perrarum:
474 3041 506 3091 et
522 3027 608 3112 apud
623 3029 804 3092 Maximum
819 3028 952 3114 Tyrium
965 3030 1076 3092 XXll.
1087 3045 1129 3113 5:

96 3131 156 3210 Kal
170 3135 330 3212 Ξενοφῶντα
349 3130 539 3212 νεανιευόμενον
559 3132 609 3212 μὲν
629 3136 655 3194 ἐν
674 3136 729 3205 τοῖς
751 3129 838 3217 ἔργοις
857 3138 939 3212 φιλῶ,
955 3131 1134 3216 γηράσκοντα

99 3234 126 3294 δὲ
143 3236 235 3304 ἐντοῖς
251 3231 344 3314 λόγοις
359 3235 468 3308 ἐπαινῶ,
484 3232 704 3319 Xenophontem
719 3242 747 3294 et
761 3255 837 3309 omo,
853 3232 932 3316 quod
941 3232 1134 3316 juventutem

99 3332 135 3394 ιἰι
156 3330 269 3392 antone
288 3330 440 3416 tronstgit,
456 3342 483 3391 et
498 3329 600 3407 laudo,
616 3334 695 3417 quod
704 3332 882 3417 senetlutem
903 3329 934 3391 in
956 3328 1050 3390 literis
1063 3351 1134 3391 con-

89 3430 220 3518 sttmstt:
242 3429 298 3493 ubi
317 3430 487 3516 aliquando
511 3432 620 3515 putavi
641 3429 870 3511 νεανισκεοὸμενον
891 3429 1077 3516 legendum,
1102 3443 1135 3494 et

98 3535 133 3597 in
151 3531 279 3596 Polluce
294 3531 381 3617 prius
396 3531 475 3596 illud
490 3532 660 3611 νιανιεύεθοη
672 3530 855 3595 delendum.
880 3531 992 3596 Suidas
1005 3547 1133 3595 utrum-

99 3658 164 3721 que
190 3636 323 3700 verbum
347 3636 530 3698 recensens:
567 3634 754 3697 Νεανιεύεται·
781 3633 825 3697 νέε
848 3612 919 3721 ἔᾷγα
943 3639 1039 3699 morde
1063 3649 1134 3699 turn

99 3737 327 3813 Νεανισκειῖετοιι,
346 3736 452 3799 citatis
474 3737 656 3800 audloribus
677 3735 854 3822 l'ofidipp0,
869 3736 1045 3822 Amphide,
1065 3741 1134 3801 Eu·

99 3837 177 3923 poli,
194 3835 282 3901 nulla
300 3836 410 3900 addita
424 3837 696 3921 interpretatione,
711 3848 749 3900 ut
764 3849 871 3900 tamen
891 3851 1051 3922 appareat,
1072 3838 1134 3921 fig.

100 3939 317 4002 nificationem
333 3939 362 4000 ei
378 3938 473 4002 tribui
488 3938 670 4025 adolescendi
683 3937 794 4002 aetatis.

144 4060 195 4106 12.
211 4044 248 4104 B.
272 4040 566 4125 δεσμεύειν-χαλινοῦ
589 4040 719 4126 δεόμενον]
753 4040 805 4104 Sic
826 4039 866 4103 de
888 4038 1024 4125 pueritia
1046 4037 1136 4103 Plato

99 4141 181 4227 Leg.
197 4143 273 4204 Vll.
296 4163 328 4225 p.
345 4142 418 4224 635.
438 4143 488 4204 G:
512 4145 634 4214 πολλοῖς
655 4143 722 4202 αὐτὸ
743 4140 794 4216 οῖον
813 4143 942 4225 χαλινοῖς
958 4164 1014 4201 τισι
1034 4141 1073 4200 δεῖ
1090 4141 1135 4201 δε·
1228 4197 1232 4207 ,

97 4242 221 4337 opsloe.
257 4241 378 4319 Eadem
393 4244 425 4309 in
442 4242 679 4329 comparatione
697 4242 741 4307 est
758 4256 956 4331 praeceptum
976 4240 1137 4313 Plutarcbi
