2684 4762
227 315 287 386 ³76
365 314 403 377 D.
418 314 471 372 W.
491 314 699 376 ANIMADV.
720 317 768 378 IN
786 316 1024 378 rturaucm
1045 317 1135 377 Lm.

223 502 372 564 gogorun
393 480 677 544 commutationibus
691 480 877 560 obledantes,
891 479 1113 570 offurgatione
1123 477 1223 569 justa
1240 478 1282 543 ia·

227 576 348 661 csffioit.
385 585 431 644 Tol
445 579 546 658 βιέλία
559 579 605 645 κα)
621 587 672 657 τὰς
690 584 850 666 εἰσαγωγὰς
869 604 934 646 non
957 581 1005 646 ita
1026 580 1284 667 accipiendum,

226 679 310 765 quast
326 681 481 768 doaynyol
499 707 563 748 non
583 683 708 749 fuitsent
730 684 813 764 libri,
835 685 890 749 sed
910 705 968 771 per
989 682 1239 771 synecdochen
1252 696 1285 746 et

225 778 253 843 ln
274 784 318 844 lul
337 786 424 849 lorii:
452 784 560 860 veluti,
585 787 738 850 Pindarus
761 809 920 874 novemque
942 785 1061 870 Lyrici,
1094 806 1205 872 quem
1234 783 1283 849 lo·

226 882 346 967 quendi
362 885 495 949 modum
510 884 596 970 apud
611 886 795 951 Petronium
812 885 894 971 Cap.
911 886 955 949 11.
972 883 1119 949 illustrat
1143 886 1182 950 P.
1199 886 1283 950 Bur-

225 1005 374 1051 mannus.
419 989 507 1052 Hinc
534 987 612 1053 item
640 987 830 1074 intelligitur
857 986 938 1052 alius
962 985 1142 1051 Plutarchi
1173 985 1282 1065 locus,

225 1085 368 1168 proxime
383 1087 573 1152 antecedens
596 1086 641 1150 illi
664 1087 696 1151 in
717 1087 873 1174 principio
890 1086 987 1174 hujus
1002 1086 1283 1153 Animadverfio·

225 1184 275 1249 uls
295 1188 449 1273 apposlt0,
471 1209 503 1275 p.
520 1190 594 1275 796.
611 1188 658 1252 C:
683 1187 1020 1271 νομίζεσιν-φιλοσαφεῖν
1033 1187 1090 1263 τὸς
1106 1190 1168 1252 ἀπὸ
1186 1195 1228 1252 τῦ
1240 1188 1282 1252 δι’·

223 1305 277 1373 ppo
297 1289 492 1374 διαλεγομένες
515 1289 562 1370 καὶ
584 1294 676 1374 χολὰς
699 1290 740 1352 ἐπὶ
764 1288 881 1368 titulun
901 1288 1117 1375 περαίνοπαςε
1144 1290 1227 1355 sunt
1248 1289 1283 1355 hl

222 1385 308 1467 libri,
323 1411 404 1475 quos
419 1388 555 1475 magistri
570 1388 677 1453 secum
691 1389 723 1453 in
739 1388 891 1454 cathedra
905 1388 1088 1453 habebant.

266 1508 320 1572 43.
338 1492 372 1553 F.
396 1494 422 1551 ἐν
434 1493 489 1563 τοῖς
503 1493 640 1566 ἀληθιναῖς
654 1497 701 1553 τοῦ
720 1489 769 1568 βία
783 1488 890 1576 μέρεσι]
918 1489 954 1552 In
967 1488 1050 1552 veris
1064 1489 1157 1554 vitae
1171 1488 1281 1579 parti·

225 1590 291 1667 bus,
307 1590 339 1652 in
353 1590 428 1652 vitae
441 1590 563 1670 ottione,
579 1602 664 1654 extro
676 1591 790 1676 subola
803 1592 937 1655 umbram
951 1591 983 1654 in
996 1589 1079 1654 oitae
1097 1588 1183 1655 lucc.
1212 1594 1281 1657 Fu·

224 1692 299 1758 dem
314 1693 468 1757 vocabulo
482 1692 664 1779 eloquentia
678 1694 851 1759 Oratomm
866 1693 897 1756 in
910 1713 977 1779 rep.
988 1691 1075 1772 foro,
1094 1693 1278 1773 concione,

224 1794 313 1861 curia
330 1794 448 1859 dicitur
463 1798 589 1874 ἀληθινὴ,
604 1818 691 1873 vera,
713 1808 746 1858 et
768 1793 943 1880 opponitur
964 1791 1121 1857 facultati
1142 1793 1279 1859 dicendi

223 1901 502 1988 Philosophorum,
525 1924 562 1966 ac
582 1901 781 1966 declamandi
804 1901 1019 1987 sophistarum
1043 1900 1077 1964 in
1101 1901 1224 1967 schola
1244 1904 1280 1968 ol

224 2007 401 2086 auditori03
424 2006 512 2093 quod
533 2007 599 2092 post
622 2003 851 2071 Rulrnkcnium
871 2002 912 2068 ad
930 2000 1030 2068 Rutil.
1047 2004 1143 2090 Lup.
1168 2026 1204 2092 p.
1222 2025 1277 2092 92.

223 2121 258 2174 et
273 2108 354 2173 Hist.
372 2108 454 2173 Crit.
469 2109 527 2174 Or.
544 2109 601 2173 Gr.
624 2109 721 2196 p.61.
742 2118 776 2170 et
797 2105 850 2191 ipfi
865 2103 1059 2169 ostendimus
1073 2104 1170 2171 Bibl.
1188 2107 1277 2172 Crit.

223 2209 299 2277 Vol.
316 2211 343 2273 I.
366 2211 450 2273 Part.
466 2211 493 2273 I.
508 2231 540 2293 p.
558 2224 619 2292 25:
643 2230 729 2272 nunc
750 2205 859 2270 additu
879 2203 988 2269 saltem
1010 2202 1116 2268 trium
1142 2206 1278 2271 Plutar-

224 2312 377 2376 cheorum
394 2312 557 2377 notatione
571 2311 717 2385 locorum
730 2308 920 2396 augebimus
935 2309 1049 2394 Symp.
1063 2308 1130 2371 IX.
1147 2329 1185 2395 p.
1198 2325 1277 2396 743.

223 2414 266 2478 A.
305 2414 397 2501 Reip.
413 2416 491 2479 Ger.
509 2415 662 2499 Praeccpt.
675 2434 709 2500 p.
725 2415 798 2495 817.
814 2412 857 2476 A.
888 2407 1026 2474 Lucullo
1039 2414 1173 2496 p.496.
1188 2413 1237 2476 A.

264 2535 319 2600 43.
334 2517 368 2578 F.
384 2517 433 2578 tini
446 2519 533 2602 χεῖρα
546 2518 600 2588 τοῖς
614 2513 753 2594 πολλοῖς.]
782 2511 875 2599 Vulgo
883 2509 1024 2596 subjetll,
1040 2511 1179 2596 proprie
1195 2512 1275 2578 red·

222 2613 331 2678 ditur:
362 2613 540 2699 Xylander‚
559 2612 652 2699 vulgo
670 2611 762 2674 nihilo
777 2611 925 2673 meliores:
948 2608 1130 2687 Crulerius‚
1149 2614 1274 2676 manci·

218 2714 287 2812 pati
302 2711 506 2776 multitudini:
530 2711 708 2789 LusciniuS,
727 2708 901 2799 perpusillos
912 2708 976 2796 siffe
990 2718 1017 2770 ct
1031 2720 1197 2774 contemtos
1205 2713 1274 2797 fa-

222 2817 303 2882 ciunt
325 2816 357 2879 in
378 2815 577 2879 multitudine.
616 2813 789 2901 Amyotus,
805 2812 906 2901 petits,
928 2822 955 2873 ct
974 2809 1010 2872 dc
1026 2811 1166 2876 moindrc
1181 2814 1274 2900 csprit

222 2945 277 3011 que
298 2917 339 2982 les
357 2918 428 3008 plus
447 2918 498 2980 bns
521 2929 548 2980 et
567 2915 637 3005 plus
658 2914 813 3002 vulgaires
833 2914 957 2976 hommes
978 2912 1019 2975 du
1041 2915 1162 2977 monde.
1204 2916 1273 2981 Sed

223 3022 289 3087 duo
311 3022 344 3086 hi
368 3019 549 3106 posteriores
565 3017 668 3104 magis
683 3017 749 3081 fere
771 3016 989 3103 ωαραφςάζεσι,
1004 3035 1103 3100 quarn
1120 3016 1272 3082 reddunt

222 3126 340 3188 verba:
367 3121 533 3186 Luscinius
553 3120 649 3184 etiam
670 3141 729 3182 nce
746 3119 858 3182 Graece
872 3117 961 3180 ualde
972 3114 1099 3195 doctus,
1114 3131 1152 3181 et
1168 3120 1271 3184 unius

222 3227 350 3291 Aldinre
363 3223 512 3288 editionis
532 3221 720 3286 audtoritate
735 3219 851 3298 nitens,
875 3241 946 3306 nec„
965 3229 1002 3281 ut
1021 3218 1206 3306 AmyotuS,
1225 3222 1268 3285 li-

223 3430 385 3516 ὑποχάςιος,
398 3427 562 3513 silgjcttus,
575 3425 734 3511 subnt‘tus,
757 3421 888 3509 inpurior,
911 3419 1050 3484 obnoxius
1067 3420 1128 3483 cui.
1171 3423 1268 3488 Plut-

223 3528 337 3595 archus
360 3532 411 3592 Dc
431 3528 578 3591 Discrim.
602 3524 667 3590 Ad.
689 3538 721 3588 et
740 3525 817 3614 Aru.
834 3545 867 3609 p.
879 3522 931 3586 68.
948 3524 994 3586 E:
1018 3521 1266 3612 σφαλλομένοιςῇ

222 3633 345 3696 nlnison
361 3630 535 3708 initiis-fron,
550 3631 572 3716 ‘l
586 3635 707 3691 πατὲσιν
722 3630 770 3690 ὑπὸ
782 3633 867 3713 χεῖρα
880 3628 902 3713 n]
916 3623 1042 3699 ταπεινῦς
1058 3628 1264 3711 γεγενημένας·

222 3734 382 3799 -calcont
392 3732 536 3820 subjectos
557 3742 584 3792 ct
603 3729 738 3794 tonsiles.
771 3730 895 3793 Catone
909 3728 989 3815 Mnj.
1013 3750 1046 3814 p.
1062 3747 1141 3815 339.
1156 3731 1200 3794 E.
1218 3731 1265 3794 εὔ-

221 3854 302 3911 κολος
317 3834 362 3914 καὶ
376 3838 475 3915 ἀφελὴς
488 3838 543 3907 τοῖς
561 3834 610 3895 ὑπὸ
624 3839 721 3918 χεῖρα,
733 3829 844 3918 facilis
859 3840 886 3893 et
895 3830 1025 3918 finplex
1040 3854 1115 3916 crgo
1132 3832 1264 3918 inferio·

221 3966 282 4005 res.
314 3936 465 4022 Pompelo
484 3958 516 4022 p.
532 3939 551 3999 6
553 3955 607 4019 30.
623 3938 668 3998 E:
692 3936 738 3997 riv
752 3938 778 3997 ἔν
794 3931 965 4020 ςςατοπέδοις
978 3934 1000 4017 ’l
1014 3931 1163 4017 θριᾶμὸοις
1176 3950 1263 4018 λαμ.

220 4044 297 4126 spir,
319 4039 382 4103 ὅταν
404 4042 430 4101 ἐν
451 4042 542 4122 ἀγορᾷ
557 4034 691 4114 Minori,
706 4036 754 4098 tini
767 4040 852 4119 χεῖρα
865 4039 988 4113 notiora!
1001 4035 1023 4118 ri,
1039 4032 1263 4100 noradinum.

221 4141 328 4205 Dione
353 4163 385 4225 p.
400 4156 473 4225 979.
495 4139 545 4201 Cr
573 4134 732 4221 ἐθορόέησεν
757 4141 770 4197 ὁ
795 4135 917 4208 ναυτικὸς
941 4133 1026 4220 ὄχλος
1047 4133 1094 4214 nal
1117 4137 1265 4213 βάναυσος

222 4241 377 4327 ἀχθόμενος
390 4241 535 4305 innlnlorrt
549 4244 595 4315 τῆς
610 4236 762 4327 ναυαρχίας
783 4242 824 4323 τῷ
841 4233 1022 4322 Ἡρακλείδῃ,
1037 4234 1059 4322 ri,
1074 4235 1192 4319 νομίζων
1206 4240 1264 4304 ab.
