2684 4762
186 325 226 373 12
383 307 428 372 D.
443 307 502 372 W.
520 305 751 372 PRAEFATIO
772 305 1004 377 ANIMADV.
1047 365 1051 371 .

183 488 344 577 inclusae,
372 491 420 562 ita
441 490 490 562 sui
511 489 577 587 ipse
600 493 781 588 imperium
805 492 972 577 obtinuit,
990 502 1033 566 ut
1048 489 1129 566 suas
1148 493 1209 569 sabi

182 608 360 683 facultates
376 612 507 710 semper
522 613 619 686 dicto
631 613 831 688 obedientes
854 613 1009 713 haberet,
1027 614 1156 712 easque
1173 619 1208 690 iu

180 735 275 807 resta
297 747 464 832 perpetuo
487 739 541 809 via
563 738 769 809 contineret.
817 736 867 809 Et
890 735 990 809 Plato
1006 735 1102 809 illam
1118 762 1208 811 con

178 858 337 948 stantiam
362 859 438 931 solis
460 859 619 932 Deorum
641 860 798 931 cunibus
813 857 946 931 tribuit.
995 857 1109 931 Mens
1125 863 1203 956 qui·

176 979 259 1053 dem
275 990 397 1055 cutrus
410 984 459 1053 ita
474 993 691 1076 comparatus
707 982 767 1068 est,
785 992 825 1052 ut
841 981 963 1076 auriga
976 991 1013 1052 et
1028 981 1150 1078 vigilet
1165 993 1204 1056 et

176 1117 273 1201 regat
292 1103 407 1200 quoad
422 1106 496 1196 ejus
518 1102 592 1173 fieri
608 1103 729 1199 potest,
746 1103 847 1198 eique
862 1101 1080 1199 obtemperet
1097 1102 1201 1177 servi-

175 1224 242 1295 dus
267 1248 402 1320 equum
425 1226 584 1321 at'piger
609 1248 721 1320 equus
745 1235 914 1320 perpetuo
934 1225 1094 1322 conjugis
1116 1228 1200 1323 eqni

165 1344 384 1419 alacritatem
401 1345 561 1433 retardet,
585 1356 622 1418 et
645 1347 689 1419 ab
710 1347 828 1443 auriga
844 1346 1098 1442 necquicquam
1113 1373 1199 1422 voce

164 1468 382 1566 ‘stimulisque
396 1469 577 1541 excitetur.
620 1469 739 1564 Atque
755 1467 950 1562 hujusmodi
967 1468 1069 1564 plane
1082 1469 1197 1565 plero-

173 1615 335 1687 rumque,
358 1590 562 1688 quibuscum
588 1590 679 1688 degi,
705 1590 890 1664 hominum
920 1592 1104 1688 negotium
1135 1618 1196 1666 co·

170 1715 289 1811 gnon.
328 1713 436 1785 Unus
450 1712 588 1786 sortasse
602 1725 638 1785 et
654 1711 742 1785 alter
757 1736 800 1783 ex
816 1737 893 1784 raro
908 1711 1091 1791 videbatur
1106 1714 1194 1787 mibi

168 1836 241 1908 esse
253 1859 380 1935 genere
395 1860 529 1923 eorum,
545 1836 607 1933 qui
630 1835 680 1907 sui
704 1834 764 1931 ipsi
781 1834 966 1930 imperium
983 1834 1193 1911 obtinerent.

160 1957 339 2031 ¹Videbam
355 1983 416 2032 ecc
431 1958 586 2056 quotidie
598 1958 673 2030 suas
689 1981 744 2029 ree
759 1980 872 2055 agere,
891 1980 964 2029 non
981 1957 1090 2030 modo
1104 1983 1191 2057 neg-

167 2082 251 2170 otia,
282 2082 341 2155 sed
371 2092 407 2155 et
434 2081 507 2154 otia
535 2093 571 2155 et
604 2080 780 2179 literarum
813 2078 934 2166 studia,
965 2081 1068 2152 certis
1097 2080 1194 2155 horis

81 2192 83 2196 Α
166 2203 345 2274 distributa
372 2205 607 2298 destinataque
630 2202 778 2273 habere:
811 2225 926 2298 neque
951 2226 972 2272 a
995 2202 1191 2300 praescripta

166 2322 225 2398 illa
237 2308 482 2421 designataque
497 2325 551 2395 via
565 2322 734 2396 recedere.
784 2322 917 2395 Felices
941 2325 1189 2420 cos-praedim-

164 2445 269 2515 bem:
297 2448 498 2542 quaerebam
522 2470 566 2518 ex
593 2446 646 2533 iis,
673 2445 852 2542 quomodo
871 2445 965 2518 hanc
987 2444 1187 2522 felicitatem

89 2630 97 2645 ,
164 2566 340 2639 consecuti
361 2569 493 2650 essent;
518 2569 544 2640 fi
565 2568 655 2641 forte
678 2592 756 2639 eam
778 2567 847 2664 ipse
862 2592 1004 2664 quoque
1024 2570 1187 2667 consequi

162 2691 308 2786 possetm
361 2691 560 2779 Voluntate,
577 2690 725 2778 aiebant,
743 2690 1041 2786 etconsuetudine.
1073 2692 1185 2782 Itane,

139 2806 318 2908 'inquam,
343 2812 523 2885 voluntate
544 2822 581 2886 et
602 2811 873 2887 consuetudine?
897 2812 1008 2908 Atqui
1027 2815 1186 2888 voluntas
1203 2818 1207 2825 “

163 2933 249 3007 mihi
267 2960 460 3032 numquam
478 2935 602 3023 defuit,
619 2933 904 3007 consuetudinem
921 2933 1086 3031 consequi
1111 2963 1184 3011 non

160 3057 282 3154 potui:
307 3057 397 3145 hacc,
421 3057 550 3154 quaeso,
575 3057 754 3153 quomodo
777 3057 1022 3153 comparatur?
1054 3059 1184 3134 Volua

160 3197 245 3269 tate,
261 3181 419 3254 aiebant:
446 3190 552 3276 atque
568 3180 660 3251 idem
678 3179 805 3250 iterum
823 3178 1019 3275 iterumque
1035 3181 1183 3255 interro-

157 3306 269 3400 ganti,
293 3303 386 3376 idem
410 3301 681 3400 respondebant:
706 3301 931 3374 vehementer
950 3327 1092 3398 quoque
1116 3308 1183 3377 mi-

158 3425 334 3513 rabantur,
350 3450 420 3514 me,
438 3451 544 3523 quem
571 3426 608 3496 in
632 3424 757 3496 Literis
780 3423 909 3520 aliquid
929 3423 1106 3521 profecisse
1127 3429 1181 3500 di·

102 3605 105 3611 .
157 3546 297 3635 cebant,
322 3571 396 3619 non
421 3546 571 3643 iptorum
595 3528 729 3618 'ratione
744 3545 919 3642 modoque
935 3547 1060 3619 vivere.
1107 3549 1181 3623 Nae

156 3693 231 3756 vos,
257 3669 414 3765 inquam,
439 3667 574 3742 mirifici
596 3669 677 3739 estis
697 3668 869 3755 homines,
893 3681 955 3740 aut
970 3672 1086 3766 potius
1101 3671 1181 3768 plue

156 3816 263 3888 quam
280 3791 454 3879 homines,
468 3790 591 3862 heroes
606 3814 647 3861 ac
664 3789 814 3878 semidei,
831 3791 890 3886 qni
909 3803 981 3862 tam
998 3791 1177 3868 efficacem

155 3915 311 3987 babeatis
337 3914 575 3987 voluntatem:
601 3936 671 4010 ego
697 3912 772 3985 sum
799 3936 931 3985 unuse
954 3912 1087 4004 multiS,
1115 3941 1180 3988 rc»

154 4036 271 4110 lrurtaa
285 4039 389 4125 adest,
407 4038 493 4109 vires
509 4036 648 4124 desunt,
668 4035 814 4132 saepein
829 4036 883 4109 via
897 4035 1033 4125 deficio,
1052 4037 1141 4135 saepe
1156 4063 1177 4113 a

153 4160 209 4232 via
225 4138 262 4234 in
276 4159 519 4234 diverticulum
535 4157 690 4234 deseror:
716 4182 790 4249 voS,
808 4170 850 4232 ut
871 4158 1017 4234 caelestia
1032 4183 1179 4260 corpora
