2684 4762
412 332 905 396 Jumcruununucronu.
1132 338 1172 404 ⁵7

147 498 250 561 λάιιιιι
270 497 392 575 τοξεύειν.
437 499 551 582 Spreto
572 495 695 582 vulgari
715 497 967 575 βαλλαντιοτομεῖν,
986 503 1024 557 ut
1039 513 1175 578 compa-·

151 596 233 659 ratio
255 610 288 660 et
308 597 431 683 argutia
452 598 605 661 constaret
616 617 697 681 quae
715 595 756 658 ad
775 598 873 669 σκοπὸς
891 595 1070 674 referretur,
1084 594 1175 659 finxit

125 752 132 760 .
151 696 297 780 ineptum
311 710 344 762 et
357 698 508 784 frigidum
525 698 588 761 hoc
602 698 763 776 βαλλάντια
775 698 897 773 τοξεύειν.
984 741 988 748 -
1170 730 1173 735 ·

195 798 229 859 P.
245 819 277 882 9.
295 797 334 861 C.
357 800 415 860 Kal
437 801 482 860 tut
500 803 568 875 reiro
591 801 619 859 oti
639 797 717 877 ultor
736 797 909 882 ἐγρήγορσις,
929 801 1008 859 ἀλλὰ
1024 795 1070 876 κο)
1086 794 1174 865 ln&-

150 896 257 982 εὑρέθη.
312 899 366 961 Αιι
394 920 472 982 ergo
501 898 629 961 somnus
654 909 688 960 et
715 896 830 982 vigiliae
859 896 1026 981 aliquando
1051 896 1174 960 inventa

151 998 237 1076 sunt,
252 1011 346 1062 antea
360 986 471 1084 ignota
484 997 632 1061 suerunt?
659 1000 695 1061 In
710 995 910 1060 Comoediam
925 1010 958 1061 et
970 996 1083 1083 jocum
1097 997 1175 1061 istud

151 1098 251 1176 cadit,
267 1120 331 1162 non
348 1098 380 1161 in
395 1098 504 1162 seriam
517 1098 729 1182 scriptionem.
773 1099 859 1161 Nam
874 1095 960 1183 quod
973 1097 1112 1184 εὑρίσκειν,
1126 1097 1174 1159 in-

150 1199 264 1277 venire,
285 1205 530 1284 nonnumquam·
546 1217 604 1282 pro
626 1219 818 1283 comparare,
839 1197 1012 1283 acquirere,
1028 1196 1175 1277 nancisci,

150 1299 279 1378 dicitur,
295 1300 381 1362 hunc
395 1298 501 1377 locum
516 1321 580 1363 non
595 1299 636 1362 ab
648 1299 776 1386 ineptiae
789 1312 867 1362 nota
879 1298 1001 1362 liberat.
1118 1320 1121 1325 ·
1171 1332 1175 1343 ·

195 1401 230 1463 P.
249 1419 298 1463 10.
314 1403 339 1463 F
351 1425 359 1461 ι
385 1403 433 1476 τὴν
452 1406 505 1463 τῶν
526 1399 853 1486 ἀνθρωπίνων-μηρίων
870 1398 954 1478 τίς-ιι,
973 1397 1054 1464 dixit
1077 1398 1176 1464 studio
1260 1452 1265 1462 .

149 1498 296 1584 argutiae,
319 1498 352 1561 ni
374 1498 475 1577 l'allor,
495 1513 607 1563 contra
621 1501 744 1563 Graecae
763 1500 884 1585 lingpoe
900 1498 1174 1578 consuetudinem,
1198 1489 1206 1500 ⁸

148 1621 214 1684 qua
230 1598 273 1661 rei
287 1598 401 1662 notitia
413 1598 547 1685 alicujus
569 1597 707 1663 hominis
727 1598 934 1664 taciturnitati
947 1613 981 1664 et
994 1599 1066 1663 fidei
1082 1620 1175 1664 com-.
1261 1638 1272 1659 .

150 1700 240 1763 milia
254 1721 317 1763 non
331 1700 469 1786 μυςῆςιοι,
485 1699 537 1763 sed
552 1700 697 1786 ἂπόρρητιν
709 1723 863 1780 arcanum,
879 1698 1005 1765 dicitur.

191 1801 231 1864 P.
247 1795 297 1881 i4.
313 1799 361 1862 C:
385 1825 492 1886 συμπις
493 1797 597 1863 nauscit
617 1805 668 1874 τὰς
689 1799 876 1887 παραινέσεις,
898 1822 938 1864 eo
958 1800 1058 1879 sensu,
1078 1823 1175 1887 quem

151 1899 207 1964 hic
229 1900 319 1963 locus
342 1899 488 1985 postulat,
511 1899 622 1963 monita
638 1898 734 1985 fabio
751 1899 874 1986 explere,
897 1901 1024 2057 exsequi,
1046 1922 1111 1964 ιιοιι
1132 1901 1178 1964 est

152 2001 302 2086 probum.

194 2101 299 2167 Jam
291 2124 324 2164 ιιι
347 2100 455 2185 liguris
469 2111 608 2184 apparet
628 2050 764 2163 studium
782 2098 1003 2177 concinnitatis
1019 2112 1053 2164 et
1066 2101 1177 2163 venus·

152 2202 227 2268 tatis
246 2214 285 2265 ut
306 2200 459 2286 frigidum
479 2215 512 2263 et
533 2222 553 2262 a
572 2199 688 2284 reipsa
709 2199 859 2277 alienum,
877 2199 922 2262 ita
935 2199 1037 2284 magia
1050 2200 1179 2264 etiama

155 2301 316 2366 Plutarchi
331 2299 558 2364 consuetudine
571 2299 755 2377 abhorrens,
772 2300 825 2384 qui
844 2312 901 2363 aut
915 2300 1109 2385 pauciffimas
1121 2318 1179 2366 aut

156 2403 259 2466 nullas
272 2404 369 2466 habet
384 2403 511 2487 figurae,
527 2415 611 2464 certe
626 2401 779 2486 nusquam
793 2422 845 2465 eea
859 2401 1065 2466 conseaiatur.
1102 2405 1176 2467 Hu-

147 2504 291 2591 jusmodi
314 2503 401 2566 locos
425 2503 540 2587 partim
565 2502 657 2586 supra
678 2502 843 2587 attigimus
869 2502 953 2566 seu.
975 2504 1019 2567 11.
1043 2505 1126 2568 Part.
1148 2507 1176 2569 1.·

154 2604 240 2688 Cap.
256 2605 282 2666 Ι.
304 2603 333 2683 ξ.
349 2622 379 2667 ι.
398 2603 501 2666 Num.
516 2618 546 2683 7.
569 2615 602 2665 et
628 2601 710 2686 Cap.
724 2603 768 2666 11.
792 2601 823 2681 ξ.
840 2620 870 2663 2.
893 2603 1008 2687 partim
1028 2603 1177 2687 sequente

153 2702 260 2787 capite
274 2702 467 2782 notabimus,
481 2702 536 2766 ubi
554 2701 595 2765 de
613 2700 766 2766 orationis
778 2702 891 2767 habitu
907 2716 941 2770 et
952 2704 1177 2790 compositione

153 2804 289 2870 dicetur.
387 2842 396 2863 .

516 3112 519 3119 .
560 3058 674 3124 CAP.
710 3054 802 3124 ΙΙΙ.1

372 3222 422 3286 Dc
437 3220 585 3286 Orationis
598 3220 704 3285 babitu
717 3236 744 3285 et
760 3223 962 3309 comprfitione.

204 3405 363 3469 Plutarchi
384 3405 483 3471 oratio
504 3408 623 3472 constat
645 3408 710 3472 fere
732 3407 1006 3474 enunciationihus
1024 3410 1177 3499 longiori·

157 3508 218 3570 bus
234 3503 336 3611 ductis
354 3505 606 3592 continuatisque
628 3507 787 3570 minorum
808 3507 1078 3590 enunciationum,
1094 3525 1177 3576 tam-

156 3630 255 3694 quam
277 3578 428 3692 partium,
451 3606 750 3693 comprehensione:
783 3630 885 3695 neque
911 3611 983 3675 sane
1005 3611 1101 3677 habet
1122 3632 1178 3679 aut

158 3709 342 3772 facilitatem
356 3721 412 3772 aut
426 3708 668 3794 simplicitatem,
688 3731 752 3773 ιιοιι
772 3710 911 3774 multum
924 3711 1074 3776 dissimilis
1088 3716 1178 3778 Thu·

158 3808 301 3893 cydideae
315 3808 425 3872 sonnae
439 3809 487 3872 vel
508 3808 689 3887 Platonica.
724 3810 796 3873 Αι
788 3832 820 3873 ιιι
836 3803 897 3875 hoc
912 3811 1019 3876 libello
1032 3813 1125 3897 plane
1138 3817 1180 3878 est

159 3908 277 3972 diversa
302 3896 506 3993 compositio.
538 3909 773 3973 enunciationea
801 3910 987 3996 plerumque
1014 3913 1121 3975 breves
1148 3927 1182 3976 et

159 4009 303 4086 concisae,
331 4008 435 4071 forma
458 4008 690 4098 propemodum
718 4010 882 4088 Isocratea,
908 4033 947 4074 ex
968 4032 1085 4096 genere
1113 4010 1182 4098 ejus

157 4133 368 4196 σοςαινετικῳι
405 4108 492 4193 quod
519 4108 778 4174 enunciationum
810 4111 1095 4190 conformationem
1123 4115 1190 4179 ali.¹

158 4225 282 4296 quanto
295 4207 393 4273 habet
405 4209 511 4276 minus
525 4208 686 4276 diductam
705 4211 866 4300 magisque
887 4210 1081 4282 adstrictam:
1104 4213 1198 4285 item-
