<?xml version="1.0" encoding="UTF-8"?>
<!DOCTYPE html PUBLIC "-//W3C//DTD XHTML 1.0 Transitional//EN"
    "http://www.w3.org/TR/xhtml1/DTD/xhtml1-transitional.dtd">
<html xmlns="http://www.w3.org/1999/xhtml" xml:lang="en" lang="en">
 <head>
  <title>
</title>
<meta http-equiv="Content-Type" content="text/html;charset=utf-8" />
  <meta name='ocr-system' content='tesseract 3.04.00' />
  <meta name='ocr-capabilities' content='ocr_page ocr_carea ocr_par ocr_line ocrx_word'/>
</head>
<body>
  <div class='ocr_page' id='page_1' title='image "./plutarchichaero15plutgoog_0055.png"; bbox 0 0 2684 4762; ppageno 0'>
   <div class='ocr_carea' id='block_1_1' title="bbox 187 290 1139 362">
    <p class='ocr_par' dir='ltr' id='par_1_1' title="bbox 187 290 1139 362">
     <span class='ocr_line' id='line_1_1' title="bbox 187 290 1139 362; baseline 0.008 -9"><span class='ocrx_word' id='word_1_1' title='bbox 187 297 229 354; x_wconf 68' lang='grc'>44</span> <span class='ocrx_word' id='word_1_2' title='bbox 270 290 478 354; x_wconf 82' lang='lat' dir='ltr'>ANIMADV.</span> <span class='ocrx_word' id='word_1_3' title='bbox 493 291 542 355; x_wconf 84' lang='grc' dir='ltr'>ΙΝ</span> <span class='ocrx_word' id='word_1_4' title='bbox 556 294 629 356; x_wconf 89' lang='lat' dir='ltr'>LIB.</span> <span class='ocrx_word' id='word_1_5' title='bbox 641 293 697 356; x_wconf 84' lang='lat' dir='ltr'>DE</span> <span class='ocrx_word' id='word_1_6' title='bbox 707 293 883 358; x_wconf 79' lang='lat' dir='ltr'>EDUCAT.</span> <span class='ocrx_word' id='word_1_7' title='bbox 898 293 1139 362; x_wconf 68' lang='lat' dir='ltr'>munorum.</span> 
     </span>
    </p>
   </div>
   <div class='ocr_carea' id='block_1_2' title="bbox 169 451 1207 2069">
    <p class='ocr_par' dir='ltr' id='par_1_2' title="bbox 177 451 1207 1055">
     <span class='ocr_line' id='line_1_2' title="bbox 225 451 1207 548; baseline 0.012 -28"><span class='ocrx_word' id='word_1_8' title='bbox 225 457 285 520; x_wconf 87' lang='lat' dir='ltr'>IV.</span> <span class='ocrx_word' id='word_1_9' title='bbox 316 459 476 546; x_wconf 74' lang='lat' dir='ltr'>Praecepta</span> <span class='ocrx_word' id='word_1_10' title='bbox 497 458 594 548; x_wconf 78' lang='lat' dir='ltr'>hujus</span> <span class='ocrx_word' id='word_1_11' title='bbox 616 451 715 525; x_wconf 85' lang='lat' dir='ltr'>libelli</span> <span class='ocrx_word' id='word_1_12' title='bbox 738 452 945 528; x_wconf 86' lang='lat' dir='ltr'>continentur</span> <span class='ocrx_word' id='word_1_13' title='bbox 962 458 1043 528; x_wconf 88' lang='lat' dir='ltr'>locis</span> <span class='ocrx_word' id='word_1_14' title='bbox 1063 465 1207 531; x_wconf 79' lang='lat' dir='ltr'>commu·</span> 
     </span>
     <span class='ocr_line' id='line_1_3' title="bbox 183 555 1206 653; baseline 0.013 -32"><span class='ocrx_word' id='word_1_15' title='bbox 183 555 287 638; x_wconf 84' lang='lat' dir='ltr'>nibus,</span> <span class='ocrx_word' id='word_1_16' title='bbox 302 559 465 625; x_wconf 82' lang='lat' dir='ltr'>sententiis</span> <span class='ocrx_word' id='word_1_17' title='bbox 480 561 649 640; x_wconf 88' lang='lat' dir='ltr'>tralatitiis,</span> <span class='ocrx_word' id='word_1_18' title='bbox 668 562 725 628; x_wconf 85' lang='lat' dir='ltr'>sire</span> <span class='ocrx_word' id='word_1_19' title='bbox 739 562 851 628; x_wconf 85' lang='lat' dir='ltr'>leriae</span> <span class='ocrx_word' id='word_1_20' title='bbox 865 563 1019 630; x_wconf 90' lang='lat' dir='ltr'>mediocri</span> <span class='ocrx_word' id='word_1_21' title='bbox 1033 588 1206 653; x_wconf 85' lang='lat' dir='ltr'>paucorum</span> 
     </span>
     <span class='ocr_line' id='line_1_4' title="bbox 180 662 1206 758; baseline 0.01 -31"><span class='ocrx_word' id='word_1_22' title='bbox 180 675 216 727; x_wconf 92' lang='lat' dir='ltr'>et</span> <span class='ocrx_word' id='word_1_23' title='bbox 237 662 556 750; x_wconf 81' lang='lat' dir='ltr'>frequentissimorum</span> <span class='ocrx_word' id='word_1_24' title='bbox 579 665 760 732; x_wconf 72' lang='lat' dir='ltr'>Auctorum</span> <span class='ocrx_word' id='word_1_25' title='bbox 784 667 931 748; x_wconf 67' lang='lat' dir='ltr'>lectione,</span> <span class='ocrx_word' id='word_1_26' title='bbox 956 669 1016 734; x_wconf 78' lang='lat' dir='ltr'>slve</span> <span class='ocrx_word' id='word_1_27' title='bbox 1038 692 1081 736; x_wconf 84' lang='lat' dir='ltr'>ex</span> <span class='ocrx_word' id='word_1_28' title='bbox 1102 671 1206 758; x_wconf 86' lang='lat' dir='ltr'>quoti-</span> 
     </span>
     <span class='ocr_line' id='line_1_5' title="bbox 179 762 1207 858; baseline 0.011 -32"><span class='ocrx_word' id='word_1_29' title='bbox 179 762 282 831; x_wconf 82' lang='lat' dir='ltr'>dianae</span> <span class='ocrx_word' id='word_1_30' title='bbox 296 764 368 830; x_wconf 86' lang='lat' dir='ltr'>vitae</span> <span class='ocrx_word' id='word_1_31' title='bbox 384 767 525 832; x_wconf 86' lang='lat' dir='ltr'>sermone</span> <span class='ocrx_word' id='word_1_32' title='bbox 538 766 699 853; x_wconf 76' lang='lat' dir='ltr'>susceptis.</span> <span class='ocrx_word' id='word_1_33' title='bbox 742 768 869 856; x_wconf 74' lang='lat' dir='ltr'>Quibus</span> <span class='ocrx_word' id='word_1_34' title='bbox 891 770 1120 836; x_wconf 85' lang='lat' dir='ltr'>confirmandis</span> <span class='ocrx_word' id='word_1_35' title='bbox 1137 795 1207 858; x_wconf 84' lang='lat' dir='ltr'>quae</span> 
     </span>
     <span class='ocr_line' id='line_1_6' title="bbox 177 865 1204 955; baseline 0.01 -26"><span class='ocrx_word' id='word_1_36' title='bbox 177 865 371 932; x_wconf 76' lang='lat' dir='ltr'>adhibentur</span> <span class='ocrx_word' id='word_1_37' title='bbox 384 868 588 934; x_wconf 65' lang='lat' dir='ltr'>austeritates</span> <span class='ocrx_word' id='word_1_38' title='bbox 602 867 652 932; x_wconf 88' lang='lat' dir='ltr'>vel</span> <span class='ocrx_word' id='word_1_39' title='bbox 664 870 705 932; x_wconf 89' lang='lat' dir='ltr'>ab</span> <span class='ocrx_word' id='word_1_40' title='bbox 719 869 872 955; x_wconf 80' lang='lat' dir='ltr'>exemplis</span> <span class='ocrx_word' id='word_1_41' title='bbox 886 870 1052 950; x_wconf 77' lang='lat' dir='ltr'>historicis,</span> <span class='ocrx_word' id='word_1_42' title='bbox 1066 873 1117 938; x_wconf 89' lang='lat' dir='ltr'>vel</span> <span class='ocrx_word' id='word_1_43' title='bbox 1130 873 1204 940; x_wconf 90' lang='lat' dir='ltr'>alio·</span> 
     </span>
     <span class='ocr_line' id='line_1_7' title="bbox 177 969 1125 1055; baseline 0.007 -22"><span class='ocrx_word' id='word_1_44' title='bbox 177 989 250 1034; x_wconf 89' lang='lat' dir='ltr'>rum</span> <span class='ocrx_word' id='word_1_45' title='bbox 266 971 395 1034; x_wconf 89' lang='lat' dir='ltr'>nomine</span> <span class='ocrx_word' id='word_1_46' title='bbox 409 984 441 1034; x_wconf 89' lang='lat' dir='ltr'>et</span> <span class='ocrx_word' id='word_1_47' title='bbox 456 970 569 1049; x_wconf 85' lang='lat' dir='ltr'>effatis,</span> <span class='ocrx_word' id='word_1_48' title='bbox 584 969 705 1055; x_wconf 76' lang='lat' dir='ltr'>petitae,</span> <span class='ocrx_word' id='word_1_49' title='bbox 720 970 753 1034; x_wconf 94' lang='lat' dir='ltr'>in</span> <span class='ocrx_word' id='word_1_50' title='bbox 769 970 880 1036; x_wconf 85' lang='lat' dir='ltr'>eadem</span> <span class='ocrx_word' id='word_1_51' title='bbox 895 972 968 1036; x_wconf 86' lang='lat' dir='ltr'>sunt</span> <span class='ocrx_word' id='word_1_52' title='bbox 982 971 1125 1040; x_wconf 86' lang='lat' dir='ltr'>levitate.</span> 
     </span>
    </p>

    <p class='ocr_par' dir='ltr' id='par_1_3' title="bbox 169 1067 1203 2069">
     <span class='ocr_line' id='line_1_8' title="bbox 219 1067 1202 1161; baseline 0.007 -26"><span class='ocrx_word' id='word_1_53' title='bbox 219 1074 263 1136; x_wconf 88' lang='lat' dir='ltr'>V.</span> <span class='ocrx_word' id='word_1_54' title='bbox 291 1075 339 1136; x_wconf 85' lang='lat' dir='ltr'>Ex</span> <span class='ocrx_word' id='word_1_55' title='bbox 362 1071 558 1156; x_wconf 91' lang='lat' dir='ltr'>Philosophis</span> <span class='ocrx_word' id='word_1_56' title='bbox 572 1093 655 1135; x_wconf 90' lang='lat' dir='ltr'>unus</span> <span class='ocrx_word' id='word_1_57' title='bbox 675 1067 718 1136; x_wconf 82' lang='lat' dir='ltr'>est</span> <span class='ocrx_word' id='word_1_58' title='bbox 738 1072 839 1153; x_wconf 84' lang='lat' dir='ltr'>Plato,</span> <span class='ocrx_word' id='word_1_59' title='bbox 860 1072 953 1159; x_wconf 83' lang='lat' dir='ltr'>cujus</span> <span class='ocrx_word' id='word_1_60' title='bbox 967 1073 1025 1138; x_wconf 92' lang='lat' dir='ltr'>sub</span> <span class='ocrx_word' id='word_1_61' title='bbox 1040 1075 1137 1161; x_wconf 87' lang='lat' dir='ltr'>ipsius</span> <span class='ocrx_word' id='word_1_62' title='bbox 1149 1099 1202 1142; x_wconf 90' lang='lat' dir='ltr'>no-</span> 
     </span>
     <span class='ocr_line' id='line_1_9' title="bbox 177 1169 1202 1259; baseline 0.006 -24"><span class='ocrx_word' id='word_1_63' title='bbox 177 1172 264 1235; x_wconf 90' lang='lat' dir='ltr'>mine</span> <span class='ocrx_word' id='word_1_64' title='bbox 278 1183 482 1254; x_wconf 82' lang='lat' dir='ltr'>apponuntur</span> <span class='ocrx_word' id='word_1_65' title='bbox 496 1169 659 1232; x_wconf 76' lang='lat' dir='ltr'>sententiae</span> <span class='ocrx_word' id='word_1_66' title='bbox 668 1188 687 1250; x_wconf 55' lang='lat'>3*</span> <span class='ocrx_word' id='word_1_67' title='bbox 701 1170 755 1236; x_wconf 86' lang='lat' dir='ltr'>led</span> <span class='ocrx_word' id='word_1_68' title='bbox 769 1193 828 1236; x_wconf 91' lang='lat' dir='ltr'>nec</span> <span class='ocrx_word' id='word_1_69' title='bbox 842 1172 980 1259; x_wconf 84' lang='lat' dir='ltr'>amplius</span> <span class='ocrx_word' id='word_1_70' title='bbox 996 1174 1101 1239; x_wconf 87' lang='lat' dir='ltr'>tribus</span> <span class='ocrx_word' id='word_1_71' title='bbox 1116 1176 1202 1257; x_wconf 86' lang='lat' dir='ltr'>locis,</span> 
     </span>
     <span class='ocr_line' id='line_1_10' title="bbox 175 1268 1203 1358; baseline 0.005 -22"><span class='ocrx_word' id='word_1_72' title='bbox 175 1295 236 1337; x_wconf 87' lang='lat' dir='ltr'>nec</span> <span class='ocrx_word' id='word_1_73' title='bbox 254 1284 292 1358; x_wconf 83' lang='lat' dir='ltr'>ut</span> <span class='ocrx_word' id='word_1_74' title='bbox 310 1268 518 1356; x_wconf 83' lang='lat' dir='ltr'>philosophiae</span> <span class='ocrx_word' id='word_1_75' title='bbox 536 1268 671 1356; x_wconf 84' lang='lat' dir='ltr'>placita:</span> <span class='ocrx_word' id='word_1_76' title='bbox 695 1269 797 1357; x_wconf 86' lang='lat' dir='ltr'>magis</span> <span class='ocrx_word' id='word_1_77' title='bbox 816 1271 1013 1337; x_wconf 74' lang='lat' dir='ltr'>auctoritatis</span> <span class='ocrx_word' id='word_1_78' title='bbox 1027 1286 1062 1338; x_wconf 92' lang='lat' dir='ltr'>et</span> <span class='ocrx_word' id='word_1_79' title='bbox 1076 1289 1203 1341; x_wconf 79' lang='lat' dir='ltr'>ornatus</span> 
     </span>
     <span class='ocr_line' id='line_1_11' title="bbox 174 1366 1201 1460; baseline 0.006 -23"><span class='ocrx_word' id='word_1_80' title='bbox 174 1371 288 1438; x_wconf 77' lang='lat' dir='ltr'>caussa.</span> <span class='ocrx_word' id='word_1_81' title='bbox 332 1368 512 1455; x_wconf 85' lang='lat' dir='ltr'>Euripideae</span> <span class='ocrx_word' id='word_1_82' title='bbox 527 1383 639 1454; x_wconf 84' lang='lat' dir='ltr'>quater</span> <span class='ocrx_word' id='word_1_83' title='bbox 653 1369 844 1438; x_wconf 85' lang='lat' dir='ltr'>laudantur:</span> <span class='ocrx_word' id='word_1_84' title='bbox 867 1394 939 1459; x_wconf 83' lang='lat' dir='ltr'>quae</span> <span class='ocrx_word' id='word_1_85' title='bbox 960 1366 1020 1460; x_wconf 84' lang='lat' dir='ltr'>pro</span> <span class='ocrx_word' id='word_1_86' title='bbox 1043 1372 1201 1443; x_wconf 79' lang='lat' dir='ltr'>Plutarchi</span> 
     </span>
     <span class='ocr_line' id='line_1_12' title="bbox 172 1469 1201 1558; baseline 0.005 -20"><span class='ocrx_word' id='word_1_87' title='bbox 172 1471 403 1538; x_wconf 88' lang='lat' dir='ltr'>consuetudine</span> <span class='ocrx_word' id='word_1_88' title='bbox 430 1469 535 1538; x_wconf 90' lang='lat' dir='ltr'>multo</span> <span class='ocrx_word' id='word_1_89' title='bbox 563 1470 668 1556; x_wconf 89' lang='lat' dir='ltr'>plures</span> <span class='ocrx_word' id='word_1_90' title='bbox 695 1471 755 1536; x_wconf 85' lang='lat' dir='ltr'>effe</span> <span class='ocrx_word' id='word_1_91' title='bbox 787 1472 958 1538; x_wconf 91' lang='lat' dir='ltr'>debebant.</span> <span class='ocrx_word' id='word_1_92' title='bbox 1016 1477 1201 1558; x_wconf 81' lang='lat' dir='ltr'>Homerica,</span> 
     </span>
     <span class='ocr_line' id='line_1_13' title="bbox 174 1562 1201 1662; baseline 0.006 -24"><span class='ocrx_word' id='word_1_93' title='bbox 174 1575 283 1639; x_wconf 87' lang='lat' dir='ltr'>nulla:</span> <span class='ocrx_word' id='word_1_94' title='bbox 311 1562 479 1651; x_wconf 75' lang='lat' dir='ltr'>Hesiodea,</span> <span class='ocrx_word' id='word_1_95' title='bbox 502 1595 586 1636; x_wconf 85' lang='lat' dir='ltr'>una:</span> <span class='ocrx_word' id='word_1_96' title='bbox 615 1572 693 1637; x_wconf 91' lang='lat' dir='ltr'>item</span> <span class='ocrx_word' id='word_1_97' title='bbox 717 1572 897 1662; x_wconf 86' lang='lat' dir='ltr'>Phocylidis</span> <span class='ocrx_word' id='word_1_98' title='bbox 920 1589 954 1640; x_wconf 91' lang='lat' dir='ltr'>et</span> <span class='ocrx_word' id='word_1_99' title='bbox 976 1577 1119 1656; x_wconf 83' lang='lat' dir='ltr'>Sotadis,</span> <span class='ocrx_word' id='word_1_100' title='bbox 1138 1598 1201 1644; x_wconf 80' lang='lat' dir='ltr'>una</span> 
     </span>
     <span class='ocr_line' id='line_1_14' title="bbox 173 1673 1201 1770; baseline 0.003 -29"><span class='ocrx_word' id='word_1_101' title='bbox 173 1673 345 1762; x_wconf 87' lang='lat' dir='ltr'>cujusque:</span> <span class='ocrx_word' id='word_1_102' title='bbox 370 1673 465 1738; x_wconf 91' lang='lat' dir='ltr'>semel</span> <span class='ocrx_word' id='word_1_103' title='bbox 479 1673 685 1766; x_wconf 80' lang='lat' dir='ltr'>Epigramma</span> <span class='ocrx_word' id='word_1_104' title='bbox 700 1674 811 1770; x_wconf 82' lang='lat' dir='ltr'>incerti</span> <span class='ocrx_word' id='word_1_105' title='bbox 827 1689 954 1760; x_wconf 83' lang='lat' dir='ltr'>poetae:</span> <span class='ocrx_word' id='word_1_106' title='bbox 978 1677 1201 1744; x_wconf 74' lang='lat' dir='ltr'>Demosthenis</span> 
     </span>
     <span class='ocr_line' id='line_1_15' title="bbox 169 1775 1199 1862; baseline 0.003 -19"><span class='ocrx_word' id='word_1_107' title='bbox 169 1777 262 1843; x_wconf 89' lang='lat' dir='ltr'>locus</span> <span class='ocrx_word' id='word_1_108' title='bbox 289 1799 385 1843; x_wconf 84' lang='lat' dir='ltr'>uuus.</span> <span class='ocrx_word' id='word_1_109' title='bbox 428 1777 476 1840; x_wconf 85' lang='lat' dir='ltr'>Ex</span> <span class='ocrx_word' id='word_1_110' title='bbox 499 1775 559 1840; x_wconf 92' lang='lat' dir='ltr'>hac</span> <span class='ocrx_word' id='word_1_111' title='bbox 584 1776 745 1862; x_wconf 86' lang='lat' dir='ltr'>paucitate</span> <span class='ocrx_word' id='word_1_112' title='bbox 771 1776 804 1841; x_wconf 92' lang='lat' dir='ltr'>in</span> <span class='ocrx_word' id='word_1_113' title='bbox 830 1776 998 1842; x_wconf 76' lang='lat' dir='ltr'>laudandis</span> <span class='ocrx_word' id='word_1_114' title='bbox 1019 1778 1199 1846; x_wconf 78' lang='lat' dir='ltr'>Auaomm</span> 
     </span>
     <span class='ocr_line' id='line_1_16' title="bbox 169 1877 1201 1966; baseline 0.002 -21"><span class='ocrx_word' id='word_1_115' title='bbox 169 1878 345 1959; x_wconf 86' lang='lat' dir='ltr'>sententiis,</span> <span class='ocrx_word' id='word_1_116' title='bbox 365 1891 398 1943; x_wconf 92' lang='lat' dir='ltr'>et</span> <span class='ocrx_word' id='word_1_117' title='bbox 415 1877 640 1966; x_wconf 89' lang='lat' dir='ltr'>plerorumque</span> <span class='ocrx_word' id='word_1_118' title='bbox 659 1878 833 1957; x_wconf 79' lang='lat' dir='ltr'>omissione,</span> <span class='ocrx_word' id='word_1_119' title='bbox 851 1877 919 1965; x_wconf 89' lang='lat' dir='ltr'>jam</span> <span class='ocrx_word' id='word_1_120' title='bbox 937 1879 1010 1965; x_wconf 86' lang='lat' dir='ltr'>quis</span> <span class='ocrx_word' id='word_1_121' title='bbox 1027 1880 1201 1966; x_wconf 88' lang='lat' dir='ltr'>suspicetur</span> 
     </span>
     <span class='ocr_line' id='line_1_17' title="bbox 171 1977 1198 2069; baseline 0.001 -23"><span class='ocrx_word' id='word_1_122' title='bbox 171 1981 377 2069; x_wconf 85' lang='lat' dir='ltr'>Plutarchum</span> <span class='ocrx_word' id='word_1_123' title='bbox 399 1978 495 2068; x_wconf 86' lang='lat' dir='ltr'>hujus</span> <span class='ocrx_word' id='word_1_124' title='bbox 516 1978 614 2043; x_wconf 91' lang='lat' dir='ltr'>libelli</span> <span class='ocrx_word' id='word_1_125' title='bbox 634 1977 817 2064; x_wconf 85' lang='lat' dir='ltr'>scriptorem</span> <span class='ocrx_word' id='word_1_126' title='bbox 833 2002 898 2045; x_wconf 93' lang='lat' dir='ltr'>non</span> <span class='ocrx_word' id='word_1_127' title='bbox 917 1979 989 2045; x_wconf 85' lang='lat' dir='ltr'>esse.</span> <span class='ocrx_word' id='word_1_128' title='bbox 1033 1980 1198 2047; x_wconf 79' lang='lat' dir='ltr'>Caeterum</span> 
     </span>
    </p>
   </div>
   <div class='ocr_carea' id='block_1_3' title="bbox 166 2081 1196 2272">
    <p class='ocr_par' dir='ltr' id='par_1_4' title="bbox 166 2081 1196 2272">
     <span class='ocr_line' id='line_1_18' title="bbox 167 2081 1196 2174; baseline -0.002 -23"><span class='ocrx_word' id='word_1_129' title='bbox 167 2085 256 2174; x_wconf 91' lang='lat' dir='ltr'>quod</span> <span class='ocrx_word' id='word_1_130' title='bbox 270 2085 327 2150; x_wconf 94' lang='lat' dir='ltr'>sub</span> <span class='ocrx_word' id='word_1_131' title='bbox 341 2085 436 2152; x_wconf 84' lang='lat' dir='ltr'>finem</span> <span class='ocrx_word' id='word_1_132' title='bbox 452 2081 663 2172; x_wconf 81' lang='lat' dir='ltr'>Pythagorica</span> <span class='ocrx_word' id='word_1_133' title='bbox 676 2081 831 2170; x_wconf 85' lang='lat' dir='ltr'>symbola,</span> <span class='ocrx_word' id='word_1_134' title='bbox 844 2082 927 2168; x_wconf 80' lang='lat' dir='ltr'>quast</span> <span class='ocrx_word' id='word_1_135' title='bbox 942 2105 961 2147; x_wconf 88' lang='lat' dir='ltr'>e</span> <span class='ocrx_word' id='word_1_136' title='bbox 975 2084 1077 2164; x_wconf 88' lang='lat' dir='ltr'>sacco,</span> <span class='ocrx_word' id='word_1_137' title='bbox 1092 2085 1196 2149; x_wconf 85' lang='lat' dir='ltr'>effun-</span> 
     </span>
     <span class='ocr_line' id='line_1_19' title="bbox 166 2182 1179 2272; baseline -0.005 -21"><span class='ocrx_word' id='word_1_138' title='bbox 166 2187 300 2270; x_wconf 84' lang='lat' dir='ltr'>duntur,</span> <span class='ocrx_word' id='word_1_139' title='bbox 316 2187 423 2272; x_wconf 92' lang='lat' dir='ltr'>potius</span> <span class='ocrx_word' id='word_1_140' title='bbox 437 2183 592 2249; x_wconf 88' lang='lat' dir='ltr'>inscitiam</span> <span class='ocrx_word' id='word_1_141' title='bbox 606 2205 702 2266; x_wconf 90' lang='lat' dir='ltr'>quam</span> <span class='ocrx_word' id='word_1_142' title='bbox 716 2182 891 2247; x_wconf 72' lang='lat' dir='ltr'>dodlrinam</span> <span class='ocrx_word' id='word_1_143' title='bbox 907 2183 1025 2270; x_wconf 89' lang='lat' dir='ltr'>prodit.</span> <span class='ocrx_word' id='word_1_144' title='bbox 1173 2212 1179 2226; x_wconf 93' lang='lat'><strong>·</strong></span> 
     </span>
    </p>
   </div>
   <div class='ocr_carea' id='block_1_4' title="bbox 67 2281 1194 2372">
    <p class='ocr_par' dir='ltr' id='par_1_5' title="bbox 67 2281 1194 2372">
     <span class='ocr_line' id='line_1_20' title="bbox 67 2281 1194 2372; baseline 0.009 -29"><span class='ocrx_word' id='word_1_145' title='bbox 67 2318 73 2331; x_wconf 89' lang='lat'>-</span> <span class='ocrx_word' id='word_1_146' title='bbox 214 2290 294 2357; x_wconf 62' lang='lat' dir='ltr'>VI..</span> <span class='ocrx_word' id='word_1_147' title='bbox 310 2283 499 2370; x_wconf 78' lang='lat' dir='ltr'>Frequentia</span> <span class='ocrx_word' id='word_1_148' title='bbox 524 2282 596 2345; x_wconf 92' lang='lat' dir='ltr'>sunt</span> <span class='ocrx_word' id='word_1_149' title='bbox 620 2281 766 2367; x_wconf 87' lang='lat' dir='ltr'>exempla</span> <span class='ocrx_word' id='word_1_150' title='bbox 793 2283 956 2349; x_wconf 87' lang='lat' dir='ltr'>historica:</span> <span class='ocrx_word' id='word_1_151' title='bbox 994 2307 1096 2372; x_wconf 86' lang='lat' dir='ltr'>eaque</span> <span class='ocrx_word' id='word_1_152' title='bbox 1124 2288 1194 2352; x_wconf 85' lang='lat' dir='ltr'>sane</span> 
     </span>
    </p>
   </div>
   <div class='ocr_carea' id='block_1_5' title="bbox 146 2381 1192 4202">
    <p class='ocr_par' dir='ltr' id='par_1_6' title="bbox 146 2381 1192 4202">
     <span class='ocr_line' id='line_1_21' title="bbox 165 2381 1192 2471; baseline 0.002 -20"><span class='ocrx_word' id='word_1_153' title='bbox 165 2387 254 2452; x_wconf 93' lang='lat' dir='ltr'>hunc</span> <span class='ocrx_word' id='word_1_154' title='bbox 275 2385 420 2450; x_wconf 88' lang='lat' dir='ltr'>libellum</span> <span class='ocrx_word' id='word_1_155' title='bbox 436 2381 582 2469; x_wconf 89' lang='lat' dir='ltr'>jucunda</span> <span class='ocrx_word' id='word_1_156' title='bbox 602 2381 752 2447; x_wconf 88' lang='lat' dir='ltr'>varietate</span> <span class='ocrx_word' id='word_1_157' title='bbox 774 2382 991 2471; x_wconf 81' lang='lat' dir='ltr'>distinguunt3</span> <span class='ocrx_word' id='word_1_158' title='bbox 1019 2386 1066 2450; x_wconf 86' lang='lat' dir='ltr'>ita</span> <span class='ocrx_word' id='word_1_159' title='bbox 1086 2399 1192 2453; x_wconf 84' lang='lat' dir='ltr'>tamen</span> 
     </span>
     <span class='ocr_line' id='line_1_22' title="bbox 164 2484 1192 2577; baseline 0.002 -25"><span class='ocrx_word' id='word_1_160' title='bbox 164 2501 203 2552; x_wconf 90' lang='lat' dir='ltr'>ut</span> <span class='ocrx_word' id='word_1_161' title='bbox 222 2485 377 2551; x_wconf 90' lang='lat' dir='ltr'>nonnulla</span> <span class='ocrx_word' id='word_1_162' title='bbox 394 2506 505 2550; x_wconf 89' lang='lat' dir='ltr'>eorum</span> <span class='ocrx_word' id='word_1_163' title='bbox 525 2505 600 2547; x_wconf 91' lang='lat' dir='ltr'>eum</span> <span class='ocrx_word' id='word_1_164' title='bbox 615 2506 679 2548; x_wconf 90' lang='lat' dir='ltr'>uon</span> <span class='ocrx_word' id='word_1_165' title='bbox 702 2506 721 2547; x_wconf 89' lang='lat' dir='ltr'>a</span> <span class='ocrx_word' id='word_1_166' title='bbox 744 2484 914 2550; x_wconf 90' lang='lat' dir='ltr'>Plutarcho</span> <span class='ocrx_word' id='word_1_167' title='bbox 928 2486 1082 2574; x_wconf 90' lang='lat' dir='ltr'>scriptum</span> <span class='ocrx_word' id='word_1_168' title='bbox 1096 2512 1192 2577; x_wconf 78' lang='lat' dir='ltr'>argu·</span> 
     </span>
     <span class='ocr_line' id='line_1_23' title="bbox 163 2584 1191 2679; baseline 0.001 -24"><span class='ocrx_word' id='word_1_169' title='bbox 163 2603 231 2670; x_wconf 90' lang='lat' dir='ltr'>ant,</span> <span class='ocrx_word' id='word_1_170' title='bbox 255 2587 371 2675; x_wconf 83' lang='lat' dir='ltr'>partim</span> <span class='ocrx_word' id='word_1_171' title='bbox 393 2588 433 2679; x_wconf 84' lang='lat' dir='ltr'>ab</span> <span class='ocrx_word' id='word_1_172' title='bbox 455 2586 519 2671; x_wconf 85' lang='lat' dir='ltr'>ipsa</span> <span class='ocrx_word' id='word_1_173' title='bbox 533 2584 674 2663; x_wconf 85' lang='lat' dir='ltr'>veritate,</span> <span class='ocrx_word' id='word_1_174' title='bbox 691 2585 806 2671; x_wconf 90' lang='lat' dir='ltr'>partim</span> <span class='ocrx_word' id='word_1_175' title='bbox 823 2588 977 2654; x_wconf 87' lang='lat' dir='ltr'>aratione</span> <span class='ocrx_word' id='word_1_176' title='bbox 991 2610 1055 2675; x_wconf 89' lang='lat' dir='ltr'>qua</span> <span class='ocrx_word' id='word_1_177' title='bbox 1071 2590 1104 2656; x_wconf 92' lang='lat' dir='ltr'>in</span> <span class='ocrx_word' id='word_1_178' title='bbox 1117 2614 1191 2679; x_wconf 81' lang='lat' dir='ltr'>ger·</span> 
     </span>
     <span class='ocr_line' id='line_1_24' title="bbox 162 2685 1191 2764; baseline 0 -8"><span class='ocrx_word' id='word_1_179' title='bbox 162 2691 267 2756; x_wconf 85' lang='lat' dir='ltr'>manis</span> <span class='ocrx_word' id='word_1_180' title='bbox 297 2686 457 2756; x_wconf 85' lang='lat' dir='ltr'>Plutarchi</span> <span class='ocrx_word' id='word_1_181' title='bbox 485 2685 572 2750; x_wconf 87' lang='lat' dir='ltr'>libris</span> <span class='ocrx_word' id='word_1_182' title='bbox 598 2685 789 2764; x_wconf 89' lang='lat' dir='ltr'>reseruntur,</span> <span class='ocrx_word' id='word_1_183' title='bbox 816 2687 1036 2756; x_wconf 76' lang='lat' dir='ltr'>dissentientia.</span> <span class='ocrx_word' id='word_1_184' title='bbox 1080 2692 1191 2758; x_wconf 90' lang='lat' dir='ltr'>Veluti</span> 
     </span>
     <span class='ocr_line' id='line_1_25' title="bbox 163 2785 1188 2877; baseline 0.003 -21"><span class='ocrx_word' id='word_1_185' title='bbox 163 2791 244 2856; x_wconf 92' lang='lat' dir='ltr'>illud</span> <span class='ocrx_word' id='word_1_186' title='bbox 266 2790 408 2877; x_wconf 90' lang='lat' dir='ltr'>Cap.11.</span> <span class='ocrx_word' id='word_1_187' title='bbox 430 2809 461 2872; x_wconf 89' lang='lat' dir='ltr'>p.</span> <span class='ocrx_word' id='word_1_188' title='bbox 480 2807 509 2851; x_wconf 90' lang='lat'>1.</span> <span class='ocrx_word' id='word_1_189' title='bbox 524 2788 567 2850; x_wconf 93' lang='lat' dir='ltr'>D.</span> <span class='ocrx_word' id='word_1_190' title='bbox 591 2785 631 2849; x_wconf 88' lang='lat' dir='ltr'>de</span> <span class='ocrx_word' id='word_1_191' title='bbox 654 2786 873 2852; x_wconf 86' lang='lat' dir='ltr'>Themistoclis</span> <span class='ocrx_word' id='word_1_192' title='bbox 895 2789 959 2854; x_wconf 84' lang='lat' dir='ltr'>filio</span> <span class='ocrx_word' id='word_1_193' title='bbox 978 2790 1071 2857; x_wconf 89' lang='lat' dir='ltr'>aliter</span> <span class='ocrx_word' id='word_1_194' title='bbox 1090 2793 1134 2858; x_wconf 86' lang='lat' dir='ltr'>est</span> <span class='ocrx_word' id='word_1_195' title='bbox 1157 2794 1188 2860; x_wconf 86' lang='lat' dir='ltr'>in</span> 
     </span>
     <span class='ocr_line' id='line_1_26' title="bbox 161 2890 1188 2982; baseline 0.005 -24"><span class='ocrx_word' id='word_1_196' title='bbox 161 2896 239 2961; x_wconf 92' lang='lat' dir='ltr'>Vita</span> <span class='ocrx_word' id='word_1_197' title='bbox 256 2890 475 2959; x_wconf 86' lang='lat' dir='ltr'>Themistoclis</span> <span class='ocrx_word' id='word_1_198' title='bbox 496 2912 528 2977; x_wconf 92' lang='lat' dir='ltr'>p.</span> <span class='ocrx_word' id='word_1_199' title='bbox 545 2891 615 2957; x_wconf 82' lang='lat'>128.</span> <span class='ocrx_word' id='word_1_200' title='bbox 631 2892 668 2954; x_wconf 94' lang='grc' dir='ltr'>Β.</span> <span class='ocrx_word' id='word_1_201' title='bbox 691 2904 723 2955; x_wconf 89' lang='lat' dir='ltr'>et</span> <span class='ocrx_word' id='word_1_202' title='bbox 743 2891 990 2979; x_wconf 84' lang='lat' dir='ltr'>Apophthcgm.</span> <span class='ocrx_word' id='word_1_203' title='bbox 1009 2917 1042 2982; x_wconf 93' lang='lat' dir='ltr'>p.</span> <span class='ocrx_word' id='word_1_204' title='bbox 1055 2897 1128 2981; x_wconf 84' lang='lat'>185.</span> <span class='ocrx_word' id='word_1_205' title='bbox 1143 2899 1188 2964; x_wconf 94' lang='lat' dir='ltr'>D.</span> 
     </span>
     <span class='ocr_line' id='line_1_27' title="bbox 160 2990 1187 3083; baseline 0.002 -22"><span class='ocrx_word' id='word_1_206' title='bbox 160 2994 314 3083; x_wconf 77' lang='lat' dir='ltr'>stilponis</span> <span class='ocrx_word' id='word_1_207' title='bbox 336 2991 456 3057; x_wconf 72' lang='lat' dir='ltr'>factum</span> <span class='ocrx_word' id='word_1_208' title='bbox 479 2990 665 3076; x_wconf 74' lang='lat' dir='ltr'>diuumque</span> <span class='ocrx_word' id='word_1_209' title='bbox 687 2990 727 3054; x_wconf 92' lang='lat' dir='ltr'>ad</span> <span class='ocrx_word' id='word_1_210' title='bbox 749 2992 953 3056; x_wconf 88' lang='lat' dir='ltr'>Demetrium</span> <span class='ocrx_word' id='word_1_211' title='bbox 979 2995 1187 3062; x_wconf 89' lang='lat' dir='ltr'>Poliorcetem</span> 
     </span>
     <span class='ocr_line' id='line_1_28' title="bbox 160 3090 1185 3185; baseline 0.004 -26"><span class='ocrx_word' id='word_1_212' title='bbox 160 3098 242 3185; x_wconf 88' lang='lat' dir='ltr'>Cap.</span> <span class='ocrx_word' id='word_1_213' title='bbox 255 3096 348 3162; x_wconf 90' lang='lat' dir='ltr'>VHI.</span> <span class='ocrx_word' id='word_1_214' title='bbox 370 3116 402 3179; x_wconf 95' lang='lat' dir='ltr'>p.</span> <span class='ocrx_word' id='word_1_215' title='bbox 414 3107 446 3177; x_wconf 79' lang='lat'>5.</span> <span class='ocrx_word' id='word_1_216' title='bbox 463 3094 498 3156; x_wconf 86' lang='lat' dir='ltr'>F.</span> <span class='ocrx_word' id='word_1_217' title='bbox 514 3091 609 3163; x_wconf 65' lang='lat' dir='ltr'>,aliter</span> <span class='ocrx_word' id='word_1_218' title='bbox 627 3090 762 3155; x_wconf 87' lang='lat' dir='ltr'>resertur</span> <span class='ocrx_word' id='word_1_219' title='bbox 780 3113 799 3155; x_wconf 90' lang='lat' dir='ltr'>a</span> <span class='ocrx_word' id='word_1_220' title='bbox 817 3091 986 3158; x_wconf 82' lang='lat' dir='ltr'>Plutarcho</span> <span class='ocrx_word' id='word_1_221' title='bbox 1005 3095 1075 3161; x_wconf 86' lang='lat' dir='ltr'>aliis</span> <span class='ocrx_word' id='word_1_222' title='bbox 1087 3097 1185 3179; x_wconf 80' lang='lat' dir='ltr'>locis3</span> 
     </span>
     <span class='ocr_line' id='line_1_29' title="bbox 157 3191 1185 3279; baseline -0.002 -12"><span class='ocrx_word' id='word_1_223' title='bbox 157 3200 258 3267; x_wconf 88' lang='lat' dir='ltr'>altero</span> <span class='ocrx_word' id='word_1_224' title='bbox 278 3200 330 3264; x_wconf 94' lang='lat' dir='ltr'>De</span> <span class='ocrx_word' id='word_1_225' title='bbox 351 3193 463 3261; x_wconf 89' lang='lat' dir='ltr'>Animi</span> <span class='ocrx_word' id='word_1_226' title='bbox 483 3191 724 3278; x_wconf 88' lang='lat' dir='ltr'>Tranquillitate</span> <span class='ocrx_word' id='word_1_227' title='bbox 745 3212 778 3279; x_wconf 91' lang='lat' dir='ltr'>p.</span> <span class='ocrx_word' id='word_1_228' title='bbox 788 3211 828 3278; x_wconf 89' lang='lat'>47</span> <span class='ocrx_word' id='word_1_229' title='bbox 830 3209 863 3279; x_wconf 81' lang='lat'>5.</span> <span class='ocrx_word' id='word_1_230' title='bbox 880 3195 920 3260; x_wconf 90' lang='lat' dir='ltr'>C.</span> <span class='ocrx_word' id='word_1_231' title='bbox 943 3197 1047 3262; x_wconf 90' lang='lat' dir='ltr'>obiter</span> <span class='ocrx_word' id='word_1_232' title='bbox 1065 3212 1100 3264; x_wconf 87' lang='lat' dir='ltr'>et</span> <span class='ocrx_word' id='word_1_233' title='bbox 1112 3201 1185 3265; x_wconf 89' lang='lat' dir='ltr'>bre-</span> 
     </span>
     <span class='ocr_line' id='line_1_30' title="bbox 156 3293 1186 3391; baseline 0.001 -23"><span class='ocrx_word' id='word_1_234' title='bbox 156 3304 246 3383; x_wconf 81' lang='lat' dir='ltr'>vius3</span> <span class='ocrx_word' id='word_1_235' title='bbox 281 3300 381 3366; x_wconf 90' lang='lat' dir='ltr'>altero</span> <span class='ocrx_word' id='word_1_236' title='bbox 407 3294 547 3376; x_wconf 85' lang='lat' dir='ltr'>uberius,</span> <span class='ocrx_word' id='word_1_237' title='bbox 558 3378 568 3391; x_wconf 17' lang='lat'>⁸¹</span> <span class='ocrx_word' id='word_1_238' title='bbox 577 3307 614 3358; x_wconf 92' lang='lat' dir='ltr'>ut</span> <span class='ocrx_word' id='word_1_239' title='bbox 639 3294 670 3357; x_wconf 96' lang='lat' dir='ltr'>in</span> <span class='ocrx_word' id='word_1_240' title='bbox 697 3293 833 3376; x_wconf 87' lang='lat' dir='ltr'>historia,</span> <span class='ocrx_word' id='word_1_241' title='bbox 863 3296 896 3362; x_wconf 91' lang='lat' dir='ltr'>in</span> <span class='ocrx_word' id='word_1_242' title='bbox 924 3298 1001 3364; x_wconf 90' lang='lat' dir='ltr'>Vita</span> <span class='ocrx_word' id='word_1_243' title='bbox 1028 3300 1186 3369; x_wconf 88' lang='lat' dir='ltr'>Demetrii</span> 
     </span>
     <span class='ocr_line' id='line_1_31' title="bbox 158 3396 1184 3492; baseline 0.004 -25"><span class='ocrx_word' id='word_1_244' title='bbox 158 3427 191 3492; x_wconf 92' lang='lat' dir='ltr'>p.</span> <span class='ocrx_word' id='word_1_245' title='bbox 208 3405 280 3489; x_wconf 83' lang='lat'>893.</span> <span class='ocrx_word' id='word_1_246' title='bbox 295 3403 346 3466; x_wconf 88' lang='lat' dir='ltr'>A:</span> <span class='ocrx_word' id='word_1_247' title='bbox 376 3415 528 3487; x_wconf 79' lang='lat' dir='ltr'>praeterea</span> <span class='ocrx_word' id='word_1_248' title='bbox 549 3396 628 3462; x_wconf 94' lang='lat' dir='ltr'>illud</span> <span class='ocrx_word' id='word_1_249' title='bbox 649 3396 762 3462; x_wconf 87' lang='lat' dir='ltr'>falsum</span> <span class='ocrx_word' id='word_1_250' title='bbox 784 3413 817 3462; x_wconf 90' lang='lat' dir='ltr'>et</span> <span class='ocrx_word' id='word_1_251' title='bbox 838 3398 955 3464; x_wconf 91' lang='lat' dir='ltr'>horum</span> <span class='ocrx_word' id='word_1_252' title='bbox 977 3400 1184 3471; x_wconf 88' lang='lat' dir='ltr'>Plutarcheo·</span> 
     </span>
     <span class='ocr_line' id='line_1_32' title="bbox 155 3499 1183 3593; baseline 0 -24"><span class='ocrx_word' id='word_1_253' title='bbox 155 3525 230 3569; x_wconf 91' lang='lat' dir='ltr'>rum</span> <span class='ocrx_word' id='word_1_254' title='bbox 252 3502 397 3566; x_wconf 92' lang='lat' dir='ltr'>locorum</span> <span class='ocrx_word' id='word_1_255' title='bbox 420 3499 601 3565; x_wconf 68' lang='lat' dir='ltr'>auctoritati</span> <span class='ocrx_word' id='word_1_256' title='bbox 623 3521 816 3587; x_wconf 82' lang='lat' dir='ltr'>repugnans,</span> <span class='ocrx_word' id='word_1_257' title='bbox 840 3500 1044 3567; x_wconf 86' lang='lat' dir='ltr'>Demetrium</span> <span class='ocrx_word' id='word_1_258' title='bbox 1066 3505 1183 3593; x_wconf 83' lang='lat' dir='ltr'>Mega·</span> 
     </span>
     <span class='ocr_line' id='line_1_33' title="bbox 154 3599 1182 3689; baseline 0.004 -20"><span class='ocrx_word' id='word_1_259' title='bbox 154 3627 224 3669; x_wconf 84' lang='lat' dir='ltr'>ram</span> <span class='ocrx_word' id='word_1_260' title='bbox 237 3601 302 3689; x_wconf 89' lang='lat' dir='ltr'>solo</span> <span class='ocrx_word' id='word_1_261' title='bbox 317 3599 460 3686; x_wconf 80' lang='lat' dir='ltr'>aequasse,</span> <span class='ocrx_word' id='word_1_262' title='bbox 475 3604 510 3673; x_wconf 76' lang='grc' dir='ltr'>εἰς</span> <span class='ocrx_word' id='word_1_263' title='bbox 525 3599 618 3681; x_wconf 77' lang='grc' dir='ltr'><strong><em>ἔδαφος</em></strong></span> <span class='ocrx_word' id='word_1_264' title='bbox 632 3600 781 3664; x_wconf 62' lang='lat' dir='ltr'>nassau.</span> <span class='ocrx_word' id='word_1_265' title='bbox 812 3601 975 3667; x_wconf 79' lang='lat' dir='ltr'>‘lheocriti</span> <span class='ocrx_word' id='word_1_266' title='bbox 990 3604 1182 3674; x_wconf 76' lang='lat' dir='ltr'>Chiidicte·</span> 
     </span>
     <span class='ocr_line' id='line_1_34' title="bbox 154 3699 1181 3794; baseline 0.002 -23"><span class='ocrx_word' id='word_1_267' title='bbox 154 3704 238 3772; x_wconf 86' lang='lat' dir='ltr'>rium</span> <span class='ocrx_word' id='word_1_268' title='bbox 258 3702 291 3767; x_wconf 92' lang='lat' dir='ltr'>in</span> <span class='ocrx_word' id='word_1_269' title='bbox 313 3699 518 3785; x_wconf 83' lang='lat' dir='ltr'>Antigonum</span> <span class='ocrx_word' id='word_1_270' title='bbox 542 3720 651 3786; x_wconf 84' lang='lat' dir='ltr'>regem</span> <span class='ocrx_word' id='word_1_271' title='bbox 674 3712 707 3765; x_wconf 91' lang='lat' dir='ltr'>et</span> <span class='ocrx_word' id='word_1_272' title='bbox 728 3699 843 3780; x_wconf 78' lang='lat' dir='ltr'>caedes,</span> <span class='ocrx_word' id='word_1_273' title='bbox 864 3703 946 3789; x_wconf 88' lang='lat' dir='ltr'>Cap.</span> <span class='ocrx_word' id='word_1_274' title='bbox 962 3706 1055 3771; x_wconf 88' lang='lat' dir='ltr'>XIV.</span> <span class='ocrx_word' id='word_1_275' title='bbox 1080 3729 1116 3794; x_wconf 94' lang='lat' dir='ltr'>p.</span> <span class='ocrx_word' id='word_1_276' title='bbox 1130 3728 1181 3773; x_wconf 89' lang='lat'>11.</span> 
     </span>
     <span class='ocr_line' id='line_1_35' title="bbox 152 3800 1180 3893; baseline 0 -21"><span class='ocrx_word' id='word_1_277' title='bbox 152 3812 191 3878; x_wconf 90' lang='lat' dir='ltr'>B.</span> <span class='ocrx_word' id='word_1_278' title='bbox 208 3807 248 3872; x_wconf 85' lang='lat' dir='ltr'>C.</span> <span class='ocrx_word' id='word_1_279' title='bbox 270 3803 391 3870; x_wconf 87' lang='lat' dir='ltr'>diverso</span> <span class='ocrx_word' id='word_1_280' title='bbox 409 3800 507 3867; x_wconf 91' lang='lat' dir='ltr'>modo</span> <span class='ocrx_word' id='word_1_281' title='bbox 522 3815 666 3865; x_wconf 87' lang='lat' dir='ltr'>narratur</span> <span class='ocrx_word' id='word_1_282' title='bbox 684 3824 704 3865; x_wconf 84' lang='lat' dir='ltr'>a</span> <span class='ocrx_word' id='word_1_283' title='bbox 721 3801 891 3868; x_wconf 89' lang='lat' dir='ltr'>Plutarcho</span> <span class='ocrx_word' id='word_1_284' title='bbox 905 3807 1180 3893; x_wconf 73' lang='lat' dir='ltr'>Symposiacorum</span> 
     </span>
     <span class='ocr_line' id='line_1_36' title="bbox 151 3907 1179 4006; baseline 0.001 -26"><span class='ocrx_word' id='word_1_285' title='bbox 151 3913 384 4006; x_wconf 77' lang='lat' dir='ltr'>Quaestionum,</span> <span class='ocrx_word' id='word_1_286' title='bbox 404 3910 448 3972; x_wconf 84' lang='lat'>11.</span> <span class='ocrx_word' id='word_1_287' title='bbox 467 3927 495 3971; x_wconf 93' lang='lat'>1.</span> <span class='ocrx_word' id='word_1_288' title='bbox 518 3930 551 3994; x_wconf 94' lang='lat' dir='ltr'>p.</span> <span class='ocrx_word' id='word_1_289' title='bbox 566 3907 640 3992; x_wconf 81' lang='lat'>633.</span> <span class='ocrx_word' id='word_1_290' title='bbox 657 3907 708 3986; x_wconf 63' lang='grc' dir='ltr'>(ῖς</span> <span class='ocrx_word' id='word_1_291' title='bbox 731 3920 769 3972; x_wconf 91' lang='lat' dir='ltr'>ut</span> <span class='ocrx_word' id='word_1_292' title='bbox 787 3909 1015 3997; x_wconf 81' lang='lat' dir='ltr'>Heusingerus,</span> <span class='ocrx_word' id='word_1_293' title='bbox 1030 3935 1104 3980; x_wconf 90' lang='lat' dir='ltr'>acer</span> <span class='ocrx_word' id='word_1_294' title='bbox 1117 3916 1179 3980; x_wconf 88' lang='lat' dir='ltr'>hu·</span> 
     </span>
     <span class='ocr_line' id='line_1_37' title="bbox 146 4000 1179 4106; baseline 0 -24"><span class='ocrx_word' id='word_1_295' title='bbox 146 4016 202 4106; x_wconf 84' lang='lat' dir='ltr'>jus</span> <span class='ocrx_word' id='word_1_296' title='bbox 215 4012 313 4081; x_wconf 89' lang='lat' dir='ltr'>libelli</span> <span class='ocrx_word' id='word_1_297' title='bbox 327 4000 482 4090; x_wconf 83' lang='lat' dir='ltr'>defensor,</span> <span class='ocrx_word' id='word_1_298' title='bbox 497 4021 605 4072; x_wconf 90' lang='lat' dir='ltr'>tamen</span> <span class='ocrx_word' id='word_1_299' title='bbox 618 4007 722 4072; x_wconf 85' lang='lat' dir='ltr'>facere</span> <span class='ocrx_word' id='word_1_300' title='bbox 737 4029 801 4072; x_wconf 88' lang='lat' dir='ltr'>non</span> <span class='ocrx_word' id='word_1_301' title='bbox 815 4009 957 4096; x_wconf 86' lang='lat' dir='ltr'>potuerit</span> <span class='ocrx_word' id='word_1_302' title='bbox 970 4012 1048 4099; x_wconf 93' lang='lat' dir='ltr'>quin</span> <span class='ocrx_word' id='word_1_303' title='bbox 1063 4015 1179 4082; x_wconf 77' lang='lat' dir='ltr'>fatere·</span> 
     </span>
     <span class='ocr_line' id='line_1_38' title="bbox 151 4109 1180 4202; baseline -0.01 -20"><span class='ocrx_word' id='word_1_304' title='bbox 151 4133 204 4182; x_wconf 90' lang='lat' dir='ltr'>tur</span> <span class='ocrx_word' id='word_1_305' title='bbox 220 4118 252 4181; x_wconf 89' lang='lat' dir='ltr'>se</span> <span class='ocrx_word' id='word_1_306' title='bbox 269 4111 388 4191; x_wconf 88' lang='lat' dir='ltr'>mirari,</span> <span class='ocrx_word' id='word_1_307' title='bbox 405 4110 444 4176; x_wconf 83' lang='lat' dir='ltr'>ab</span> <span class='ocrx_word' id='word_1_308' title='bbox 462 4109 558 4174; x_wconf 78' lang='lat' dir='ltr'>eodem</span> <span class='ocrx_word' id='word_1_309' title='bbox 576 4116 696 4173; x_wconf 67' lang='lat' dir='ltr'>auclore</span> <span class='ocrx_word' id='word_1_310' title='bbox 713 4109 755 4187; x_wconf 21' lang='lat' dir='ltr'>de.</span> <span class='ocrx_word' id='word_1_311' title='bbox 769 4110 870 4197; x_wconf 80' lang='lat' dir='ltr'>iisdem</span> <span class='ocrx_word' id='word_1_312' title='bbox 889 4123 950 4175; x_wconf 85' lang='lat' dir='ltr'>tam</span> <span class='ocrx_word' id='word_1_313' title='bbox 969 4112 1089 4202; x_wconf 79' lang='lat' dir='ltr'>diversa</span> <span class='ocrx_word' id='word_1_314' title='bbox 1103 4141 1180 4182; x_wconf 80' lang='lat' dir='ltr'>nur.</span> 
     </span>
    </p>
   </div>
   <div class='ocr_carea' id='block_1_6' title="bbox 150 4207 1177 4314">
    <p class='ocr_par' dir='ltr' id='par_1_7' title="bbox 150 4207 1177 4314">
     <span class='ocr_line' id='line_1_39' title="bbox 150 4207 1177 4314; baseline -0.004 -30"><span class='ocrx_word' id='word_1_315' title='bbox 150 4217 237 4285; x_wconf 75' lang='lat' dir='ltr'>rari:</span> <span class='ocrx_word' id='word_1_316' title='bbox 259 4216 335 4282; x_wconf 86' lang='lat' dir='ltr'>licet</span> <span class='ocrx_word' id='word_1_317' title='bbox 349 4213 382 4279; x_wconf 91' lang='lat' dir='ltr'>in</span> <span class='ocrx_word' id='word_1_318' title='bbox 398 4209 587 4279; x_wconf 83' lang='lat' dir='ltr'>Praefatione</span> <span class='ocrx_word' id='word_1_319' title='bbox 606 4217 646 4275; x_wconf 76' lang='lat' dir='ltr'>e‘x</span> <span class='ocrx_word' id='word_1_320' title='bbox 665 4207 847 4297; x_wconf 88' lang='lat' dir='ltr'>hujusmodi</span> <span class='ocrx_word' id='word_1_321' title='bbox 860 4209 1034 4282; x_wconf 84' lang='lat' dir='ltr'>diverfitate</span> <span class='ocrx_word' id='word_1_322' title='bbox 1047 4215 1177 4314; x_wconf 62' lang='lat' dir='ltr'>ductam</span> 
     </span>
    </p>
   </div>
   <div class='ocr_carea' id='block_1_7' title="bbox 0 0 1346 4762">
    <p class='ocr_par' dir='ltr' id='par_1_8' title="bbox 0 0 1346 4762">
     <span class='ocr_line' id='line_1_40' title="bbox 0 0 1346 4762; baseline 0 10"><span class='ocrx_word' id='word_1_323' title='bbox 0 0 1346 4762; x_wconf 95' lang='lat' dir='ltr'> </span> 
     </span>
    </p>
   </div>
  </div>
 </body>
</html>
