2684 4762
218 357 226 380 ·
287 328 339 400 m
361 325 622 401 rauranum
646 320 785 398 orma
807 329 1034 397 momnis.
1132 351 1170 421 13

147 527 188 590 et
213 516 330 606 fidem,
360 517 523 591 eumdem
551 529 721 615 perpetuo
748 527 786 588 et
813 515 1020 612 aequabilem
1046 516 1173 586 tenetis

149 651 302 712 motum.
351 639 531 712 Caeterum
554 641 599 711 ab
623 639 679 710 his
694 637 867 709 discedens
883 661 924 708 ac
939 662 1013 709 rem
1031 661 1172 709 mecum

150 761 222 858 ipse
249 773 423 858 reputans,
451 760 688 858 intelligebam
713 783 773 832 eos
798 760 867 831 esse
887 759 1051 832 homines
1073 758 1174 831 valde

149 881 350 971 laudabiles,
368 882 525 954 efficaces
541 884 625 955 item
642 893 679 955 et
695 881 796 954 utiles
811 880 855 952 ad
872 881 1074 978 quotidiana
1088 883 1173 954 vitae

152 1005 296 1100 negotia
311 1028 393 1077 cum
411 1003 596 1076 domestica
614 1016 650 1076 et
672 1003 817 1101 publica,
843 1013 918 1075 turn
936 1004 1043 1075 etiarn
1060 1003 1173 1074 litera-

151 1126 214 1212 ria,
237 1127 354 1198 minus
377 1136 495 1198 tamen
521 1126 565 1197 ad
588 1128 727 1224 egregia
747 1137 785 1196 et
806 1124 940 1197 insolita
954 1148 1081 1221 opera:
1107 1149 1175 1196 nec

151 1246 231 1318 sane
248 1246 358 1319 ullum
376 1270 496 1319 eornm
515 1250 557 1319 e'x
580 1247 648 1319 hoc
663 1270 792 1345 genere
807 1270 905 1344 opus,
923 1248 1080 1343 quamvis
1096 1246 1174 1318 dili-

150 1381 276 1466 genter
294 1392 465 1466 quaerens,
488 1369 719 1466 reperiebam:
746 1370 864 1465 itaque
884 1392 956 1457 eos,
979 1370 1016 1440 in
1038 1368 1176 1441 summo

150 1490 211 1563 illo
232 1492 364 1579 ordine,
387 1491 456 1563 hoc
478 1491 601 1587 ipsum,
624 1503 668 1563 ut
687 1493 736 1562 ita
756 1491 882 1581 dicam,
906 1491 1068 1563 homines
1083 1490 1174 1562 ordi·

150 1614 266 1685 narios
282 1615 363 1702 effe,
380 1625 442 1687 eut
459 1591 574 1710 potius
597 1613 669 1685 fine
681 1612 748 1684 'illo
769 1613 891 1685 ordine
906 1612 1022 1686 nullos
1036 1613 1176 1685 futuros

151 1734 264 1808 fuisse.

213 1858 342 1956 Neque
367 1880 450 1930 vero
474 1860 524 1931 ita
548 1860 617 1931 hoo
642 1858 732 1947 dico,
759 1883 800 1931 ac
826 1858 853 1931 fi
879 1859 1038 1930 ordinem
1065 1860 1176 1956 magis

150 1956 400 2053 mediocritatis
427 2006 533 2076 qnam
559 1980 773 2053 exoellentiae
797 1980 999 2054 effedlorem
1023 1982 1092 2053 effe
1115 2005 1176 2053 ex-

154 2102 317 2173 istimem.
367 2103 463 2175 Nam
481 2102 617 2175 nullum
638 2104 687 2174 est
707 2114 845 2175 tanturn
862 2104 1058 2201 ingenium,
1074 2114 1116 2174 ut
1133 2103 1177 2174 ad

152 2223 358 2296 disoendum
374 2224 734 2322 progrediendumque
757 2224 828 2296 fine
850 2224 970 2297 ordine
986 2224 1177 2321 quidquam

152 2370 365 2444 magnopere
380 2346 517 2418 valeat:
543 2359 581 2417 et
606 2346 674 2443 ipse
698 2371 756 2419 me
778 2349 813 2419 in
830 2345 1040 2420 Praefstione
1063 2373 1098 2444 p.
1116 2359 1177 2419 33.

152 2467 321 2565 professus
350 2468 424 2540 sum
452 2480 490 2540 et
512 2468 631 2541 adhuc
651 2469 815 2566 profiteor
841 2494 916 2543 non
941 2471 978 2541 in
1003 2467 1179 2543 velocibus

155 2591 317 2688 ingeniis,
335 2589 392 2663 sed
415 2593 452 2662 in
469 2591 585 2678 tardis,
609 2617 688 2688 quae
714 2591 831 2663 labore
854 2603 891 2663 et
912 2591 1034 2664 ordine
1057 2592 1178 2664 nitun-

157 2724 227 2784 tur.
277 2713 329 2786 Et
343 2712 466 2785 vellem
485 2712 563 2785 sane
578 2713 708 2785 ordinis
724 2714 838 2812 legem
855 2714 1068 2786 constantius
1085 2714 1180 2810 sequi

155 2834 309 2931 possem:
336 2833 393 2908 sed
417 2835 557 2933 quando
581 2860 654 2907 non
680 2836 858 2933 possumus
883 2835 979 2933 quod
1003 2833 1178 2927 volumus,

156 2957 325 3030 debemus
350 2956 437 3030 velle
465 2970 502 3029 et
527 2982 629 3056 agere
660 2957 756 3055 quod
784 2958 974 3054 possumus,
1004 2957 1181 3031 observare
1305 3010 1307 3013 v

156 3091 354 3177 opportuna
375 3081 419 3152 ad
441 3080 617 3178 agendum
641 3093 807 3177 tempora,
830 3081 890 3152 ubi
906 3082 1046 3152 excitari
1063 3104 1128 3152 nos
1144 3093 1183 3153 et

159 3202 339 3275 alacriores
363 3202 408 3274 ad
432 3202 584 3275 laborem
606 3202 680 3274 fieri
705 3203 882 3290 sentimus,
900 3226 1010 3298 eaque
1026 3214 1183 3298 tempora

159 3322 272 3396 subito
288 3323 321 3394 se
335 3325 516 3396 offerentia
537 3324 649 3397 subito
670 3328 815 3421 arripere
833 3349 873 3394 ac
896 3323 1003 3419 sequi,
1021 3322 1182 3420 sepositis,
1202 3362 1204 3367 v

157 3445 277 3543 quoad
291 3449 367 3541 ejus
382 3446 455 3518 fieri
471 3448 593 3544 potest,
611 3446 788 3517 ordinariis
804 3445 965 3541 negotiis.
1008 3445 1183 3545 Equidem

108 3548 114 3557 ⁵
158 3593 231 3664 quo
248 3570 358 3666 magis
375 3568 425 3641 illi
446 3563 553 3663 γνῶθι
571 3561 713 3640 σεαυτὸν
729 3566 860 3655 studeo,
878 3592 922 3640 eo
938 3572 1050 3668 magis
1067 3579 1183 3644 meam

159 3690 228 3788 ipse
259 3691 535 3764 mediocritatem
562 3691 735 3789 agnosc03
774 3693 906 3789 reperio
935 3715 1055 3765 meum
1086 3695 1184 3792 inge·

161 3813 262 3884 nium
285 3814 322 3885 in
342 3814 456 3885 media
480 3814 630 3911 quadam
654 3803 755 3887 classe
778 3813 920 3887 versari:
946 3839 1059 3911 neque
1076 3816 1113 3886 in
1130 3817 1185 3888 in·

162 3934 245 4006 lima
260 3960 397 4024 eorum,
415 3938 487 4033 qui,
510 3937 573 4008 nisr
595 3951 758 4035 perpetua
779 3963 820 4009 ac
836 3937 949 4009 severa
964 3937 1093 4009 ordinis
1109 3935 1187 4034 lege

162 4055 323 4145 adstridli,
343 4058 391 4130 nil
407 4061 568 4156 potl'unt:
595 4084 709 4157 neque
727 4061 764 4131 in
787 4059 944 4156 suprema
967 4081 1101 4146 eorum,
1114 4063 1187 4161 'qui

163 4179 234 4250 line
251 4181 373 4253 ordine
389 4183 508 4265 omnia
523 4184 662 4278 poliunt
674 4209 685 4266 y:
712 4181 769 4256 sed
791 4184 828 4257 in
843 4183 958 4269 media
974 4205 1108 4272 eorum,
1126 4185 1188 4281 qui
