2684 4762
213 362 461 446 oimscnnn.
478 384 1006 464 nnmnnanroo.p.oo.n,.c.
1068 391 1127 455 νον

100 546 183 633 ψόγῳ
196 550 298 633 δηγμὸν
312 553 426 630 ὲμτοοῶν
441 547 487 626 καὶ
500 548 656 631 μετάνοιαν,
672 548 766 635 ἐχθρός
781 550 885 635 inuniri,
900 548 1061 636 κατήγορος·
1082 549 1128 610 nie

100 649 121 710 δ’
137 651 293 713 ἐπαινοῦντα
311 651 333 736 'i
354 658 575 734 κατευλογοῦντα
595 654 634 712 τὰ
654 647 845 735 πεπραγμένα
860 650 1063 735 benignequ}
1082 675 1127 713 νο·

99 747 212 829 μίξεσιν
225 748 300 813 einen
311 751 332 836 ‘i
345 750 432 829 φίλον.
466 751 610 816 Verbum
625 755 813 836 κατευλογεῖν,
828 765 944 836 preter
957 751 1016 815 hos
1027 751 1129 828 locos,

102 849 151 913 bis
173 850 271 915 habet
294 851 499 930 Plutarchum
529 853 677 917 Amator.
700 873 732 937 p.
750 853 823 945 75'0.
840 852 890 916 Cr
921 841 1129 935 ταῦτα-τῳ·

100 951 207 1015 nivern
228 957 257 1016 ot
280 954 400 1035 φαύλους.
413 961 436 1018 ot
449 954 592 1036 νομοθέτας
605 956 652 1017 καὶ
668 962 867 1040 κατευλογοῦσι
887 956 960 1043 πρὸς
974 957 1034 1031 τοὺς
1048 971 1128 1020 οτολ-

101 1051 164 1127 λές.
201 1053 265 1118 Adi
274 1056 329 1119 ers.
352 1055 451 1121 Stoic.
473 1078 507 1143 p.
525 1058 618 1139 1069.
635 1056 684 1120 C:
707 1063 935 1139 κατευλογοῦντες
955 1057 976 1142 ’i
998 1056 1128 1141 μεγαλῦ·

102 1179 187 1229 venes
199 1156 230 1219 ei
244 1159 326 1222 θεῖον.
364 1158 402 1222 ln
417 1156 571 1243 Stephani
585 1157 678 1222 ines.
694 1155 791 1222 exstat
808 1157 870 1221 fine
883 1156 1040 1242 exemplo.
1113 1182 1118 1191 ¹

144 1257 198 1319 66.
216 1257 253 1319 B.
275 1255 423 1343 οτλανῖυς]
448 1257 532 1323 Vide
545 1256 586 1322 ad
601 1279 633 1344 p.
648 1257 700 1324 28.
715 1257 759 1321 D.

145 1358 198 1419 66.
214 1357 253 1421 B.
281 1358 355 1436 δίκην
374 1356 470 1434 ὕδατος
489 1358 738 1444 ἀτολοθαῐνοντας]
772 1357 926 1424 Dicemus
944 1357 984 1439 ad
1003 1356 1131 1424 initium

103 1457 173 1522 libri
191 1460 242 1524 De
258 1458 419 1546 Superstit.
437 1481 469 1546 p.
488 1463 559 1542 164.
574 1463 612 1526 E.

146 1565 197 1627 66.
210 1564 247 1627 B.
270 1567 309 1628 tet
320 1569 367 1644 eii
379 1564 540 1653 εταῤῥητῖαν
555 1566 612 1644 ἤθει
628 1569 783 1653 κεκςᾶὣας]
808 1565 1015 1632 Admonendi
1033 1567 1131 1645 liber·

102 1676 151 1728 tas
165 1664 262 1731 debet
278 1665 339 1730 esse
353 1680 529 1752 temperata
543 1690 629 1744 more,
647 1665 679 1756 igi
697 1667 751 1745 est,
762 1665 983 1754 fignificatione
997 1671 1134 1733 bonorum

104 1789 231 1845 morum3
254 1765 357 1845 idest,
373 1767 566 1844 namnetim,
585 1764 680 1854 gestu,
700 1791 779 1845 vnce,
798 1767 901 1846 vultu,
915 1770 1134 1856 orationeqjus-

104 1867 193 1943 modi,
217 1879 250 1930 ut
271 1867 436 1932 admonitus
456 1867 610 1955 intelligat
635 1868 857 1932 admonitionem
877 1893 913 1931 ee
935 1869 1135 1935 benevolentia

106 1981 133 2031 et
154 1992 227 2032 caea
241 1970 296 2058 sui
319 1969 422 2057 profici
435 1969 471 2034 ci.
508 1969 656 2034 Diximus
678 1969 718 2034 ad
741 1992 774 2055 p.
791 1989 842 2035 20.
859 1974 896 2034 E.
936 1973 1134 2059 Praeceptnm

107 2069 138 2132 in
154 2070 265 2135 eadem
290 2093 322 2135 re
345 2094 377 2157 p.
393 2071 445 2133 68.
463 2069 511 2135 C:
535 2072 591 2147 tt}
606 2070 752 2156 υταρῥηυία
770 2072 883 2148 σπουδὴν
905 2070 994 2156 ἔχε’τυυ
1015 2074 1036 2159 ’i
1059 2071 1134 2152 ἦθος.

108 2186 160 2254 71.
181 2174 219 2235 E.
242 2170 389 2258 τταῤῥηυία
413 2172 439 2233 δὲ
461 2172 568 2244 mamis
593 2170 684 2258 ἂνδςός
709 2171 788 2248 ἤθους
806 2169 871 2245 ἴσως
892 2173 985 2251 δεῖτυυ.
1020 2191 1072 2258 73.
1095 2174 1134 2239 E.

107 2262 421 2360 napinoragipemn-ie
434 2272 491 2349 ἥθεο
508 2272 555 2334 καὶ
569 2275 629 2353 μετ’
645 2270 755 2346 εὐνοίας.
784 2270 845 2334 Hie
859 2271 890 2334 in
908 2271 998 2351 lucie,
1013 2286 1047 2338 et
1059 2272 1136 2337 aiibi

108 2376 200 2460 saepe,
215 2372 278 2450 ἦθος
292 2395 349 2459 per
363 2374 392 2439 se
409 2386 500 2438 notat
514 2373 599 2436 bonos
613 2396 715 2452 mores,
730 2371 857 2455 utitem
872 2394 891 2436 a
905 2372 1028 2437 Latinis
1042 2374 1136 2439 usur·

108 2488 213 2561 patur.
258 2473 310 2537 Sic
332 2473 520 2537 Pluiarohus
536 2474 587 2537 De
602 2471 749 2537 Gerenda
765 2473 840 2538 Seni
855 2475 933 2559 Rep.
953 2494 985 2559 p.
1001 2475 1074 2561 789.
1090 2477 1136 2541 D.

108 2575 187 2653 δόξαν
206 2574 274 2651 ἦθος
298 2573 471 2663 προστίθησι
491 2580 583 2638 erenei
605 2576 652 2638 nai
679 2576 763 2661 ῥυτὶς,
788 2599 866 2662 ruga
889 2588 917 2639 et
941 2579 1064 2641 canities
1081 2581 1137 2666 se-

109 2675 216 2740 nettuti
228 2676 345 2738 addunt
346 2675 472 2764 speeiem
487 2676 622 2740 bonorum
638 2699 758 2754 monem,
774 2675 806 2739 id
821 2677 875 2756 est,
891 2677 1099 2744 benevolentiae
1110 2694 1139 2745 et

106 2779 274 2865 probitatis.
313 2781 465 2865 Praecept.
490 2778 580 2865 Reip.
601 2781 678 2844 Ger.
701 2780 773 2860 824.
789 2781 832 2844 D.
856 2780 981 2868 ἐπιεικείᾳ
1001 2785 1049 2846 καὶ
1066 2785 1137 2863 iiio,
1206 2837 1208 2841 ,

109 2879 230 2942 lenitate
244 2892 272 2941 et
286 2878 495 2942 benevolentia.
522 2879 752 2965 intempestivae
767 2881 926 2966 τταρρησίας
940 2883 1139 2968 reprehensio

109 2981 204 3069 plane
229 2980 366 3045 oratoria
390 2980 432 3045 est
453 3002 516 3067 ap.¹
530 2980 697 3044 Philonem
717 2979 793 3046 Jud.
818 2981 869 3045 De
888 2984 999 3047 Somn.
1019 2987 1080 3049 111.
1104 3007 1137 3073 p.

112 3103 205 3169 1119.
1118 3110 1122 3115 ·

154 3189 206 3249 66.
223 3186 263 3250 C.
286 3183 429 3248 —xaxien
442 3183 568 3267 φευκτέον
581 3186 621 3258 tet
644 3185 838 3270 is.e’eprri5-]
868 3183 1014 3249 Wrtulem
1030 3187 1061 3251 in
1078 3214 1139 3253 me·

112 3288 160 3351 dio
179 3289 242 3373 effi,
263 3287 374 3367 tritum
393 3287 535 3351 sermone
557 3284 772 3373 proverbinm:
797 3284 829 3348 in
852 3285 1059 3373 philosophie
1082 3291 1140 3356 de·

113 3388 209 3451 cretis
233 3385 440 3464 celebratum,
464 3384 602 3449 auetore-
618 3384 784 3449 Aristotele
810 3383 916 3449 Ethic.
942 3387 1071 3452 Nicom.
1096 3392 1140 3455 11.

113 3491 144 3551 6.
162 3504 193 3571 7.
213 3501 246 3550 et
261 3486 347 3551 alibi.
391 3485 470 3551 inde
493 3484 646 3550 Horatius
670 3484 766 3571 Epist.
791 3486 817 3549 1.
843 3488 947 3572 18.9:
983 3489 1142 3579 Virtasefl

113 3590 238 3652 mediam
261 3589 414 3668 vitiorum,
440 3601 468 3651 et
495 3588 640 3676 utrimque
663 3588 825 3651 redut‘lnm.
867 3589 962 3654 'Philo
985 3593 1060 3657 Jud.
1090 3597 1143 3660 De

114 3690 215 3776 Migr.
231 3690 353 3754 Abrah.
369 3713 400 3776 p.
413 3709 487 3771 410.
503 3691 548 3753 D.
584 3690 636 3753 De
652 3689 875 3754 immutabilit.
889 3691 951 3755 Dei
967 3713 1004 3778 p..
1011 3696 1087 3778 316.
1103 3698 1141 3760 Ε.

113 3791 185 3855 Nec
211 3790 323 3855 vitium
351 3788 575 3875 depeilendum
600 3789 643 3853 est
668 3786 724 3867 it'n,
748 3805 786 3853 ut
807 3790 1003 3857 contrarium
1030 3793 1142 3860 vitium

115 3890 328 3977 suscipiamus,
352 3889 404 3954 sed
426 3904 463 3953 ut
484 3890 633 3954 virtutem
658 3888 689 3952 in
715 3888 822 3954 medio
845 3888 982 3954 duorum
1010 3894 1143 3978 postam

115 3992 264 4055 vitiorum
288 3990 539 4077 ampleeiamur:
564 3992 655 4053 Dum
676 3990 777 4054 vitant
792 3989 883 4075 stulti
904 3993 996 4070 vitia,
1019 3993 1142 4059 inean-

117 4093 214 4155 traria
230 4105 362 4171 uerrunt,
377 4106 415 4156 nt
429 4092 512 4156 idem
528 4113 567 4155 ex
580 4090 690 4155 eadem
703 4090 847 4156 doetrina
861 4093 1060 4178 pronunciat,
1075 4092 1143 4162 Sat.

118 4194 144 4255 Ι.
167 4211 196 4256 2.
215 4211 265 4273 24.
309 4193 435 4257 Harum
458 4184 691 4278 oppositionum
705 4193 851 4278 exempla
872 4194 995 4283 sortasse
1017 4218 1056 4260 ex
1078 4197 1144 4285 ipso

117 4291 172 4357 illo
197 4292 484 4358 sonteArissotclis
505 4293 665 4358 fluxerunt
684 4293 707 4358 l.
722 4313 752 4356 c.
769 4295 813 4357 11.
830 4311 860 4378 7.
880 4317 912 4358 ν.
924 4317 953 4362 υ.
968 4300 1038 4360 -ἒν
1050 4301 1146 4384 nesti}
