2684 4762
314 334 369 394 mr
388 311 614 396 ‘ruomnms
636 335 781 398 rosus.
801 345 888 412 aar.
902 337 1004 397 c-a.
1115 341 1176 411 uu
1290 381 1294 392 a

147 493 293 560 leliionis
318 496 375 560 usu
399 499 502 565 sensus
521 496 746 586 judiciumque
771 495 907 578 acuitur,
930 521 970 567 co
995 499 1099 587 tnagis
1121 521 1177 566 sc·

147 595 230 661 cedo
244 596 285 660 ad
300 597 504 664 Valckenarii
518 599 718 665 sententiam.

190 716 246 781 31.
263 697 302 769 C.
324 703 415 785 Κῦςος
434 700 491 767 ον’ὃὶ
514 702 573 768 ἰδεῖν
592 704 640 778 τὴν
657 701 799 765 Πάνθειαν
816 699 975 786 ἐτόλμων]
1004 702 1086 772 Item
1108 703 1177 774 Xe·

148 797 322 883 nophontis
336 797 368 862 in
385 799 464 887 Cyri
480 799 679 871 institutione
695 801 736 867 V.
754 823 787 887 p.
806 820 877 883 115.
891 801 937 879 D,
948 802 996 869 E..

189 918 243 984 31·
258 901 302 966 D.
326 904 362 963 Ei
376 900 404 964 δι’
416 904 446 985 μ’
460 902 670 985 serraricum-4
697 900 804 986 odyss.
820 907 863 968 lt.
879 920 952 983 274.

190 1019 244 1084 31.
258 1000 302 1065 D.
325 1001 487 1087 Κλιάοθιις]
516 1000 676 1070 Credibile
689 1001 731 1065 est
748 1000 939 1073 Cleanthem
955 1013 988 1066 et
1001 999 1070 1073 aliis
1088 1002 1121 1071 iu
1139 1003 1180 1069 li·

147 1102 212 1167 bris
234 1102 338 1168 obiter
360 1104 495 1191 attigisse
517 1105 620 1175 versus
641 1103 846 1181 Homericos,
867 1102 957 1172 etde
979 1103 1127 1170 industria
1147 1105 1180 1171 in

147 1208 298 1282 Μυθικοῖς,
322 1203 362 1269 de
386 1228 463 1292 quo,
488 1222 525 1274 ut
546 1206 587 1273 de
608 1205 733 1275 caeteris
759 1205 844 1275 illius
867 1205 1000 1292 scriptis,
1025 1205 1181 1275 videndus

148 1304 193 1368 est
219 1307 251 1370 J.
266 1304 309 1367 A.
326 1305 485 1376 Fabricius
503 1304 659 1376 Biblioth·
680 1307 738 1373 Gr.
754 1305 828 1370 Vol.
844 1305 889 1368 11.
913 1324 945 1390 p.
960 1304 1036 1390 396.
1054 1304 1110 1372 ubi
1129 1308 1179 1370 A·

149 1403 269 1469 thenrei
291 1405 382 1469 locus
408 1405 510 1477 aliana
535 1404 652 1492 pagina
671 1421 744 1490 752.
767 1418 909 1483 notatur,
931 1426 1003 1489 quae
1028 1404 1070 1470 est
1094 1422 1180 1489 5723

148 1507 249 1596 igitur
266 1524 300 1574 et
314 1510 369 1575 illo
384 1511 416 1575 in
437 1511 531 1591 libr0,
546 1511 628 1577 etin
648 1529 688 1579 eo
701 1512 769 1599 argi
784 1515 823 1575 uri
840 1514 957 1588 morari,
972 1511 1010 1574 de
1021 1521 1116 1596 pocta,
1132 1507 1182 1574 vel

148 1611 185 1674 de
209 1610 345 1692 Homero,
370 1628 408 1676 ut
430 1613 516 1679 idem
539 1612 698 1681 Fabricius
721 1611 806 1678 recle
826 1611 971 1677 adversus
988 1611 1181 1698 Menagium

149 1712 307 1797 explicat:
332 1713 364 1777 in
388 1713 437 1780 his
459 1714 558 1800 igitur
575 1712 662 1779 libris
689 1712 729 1776 de
752 1710 901 1776 industria
921 1713 1058 1777 Homeri
1080 1713 1180 1779 inrer-

149 1808 362 1900 pretationem
386 1817 521 1904 attigisse
544 1816 668 1882 videtur
692 1814 878 1881 Cleanthes.
922 1816 1008 1884 Nam
1035 1815 1091 1900 qui
1113 1815 1183 1901 ejus

149 1916 230 1982 liber
258 1919 298 1982 ab
324 1918 439 1984 eodem
463 1919 611 2005 Diogene
634 1917 762 1985 Laertio
787 1917 864 1983 Vll.
890 1932 960 1997 174.
986 1927 1184 1984 memoratur

149 2019 213 2102 πρὸς
226 2019 409 2106 Ἀςΐςοιςχιι,
425 2021 487 2085 suit
500 2020 647 2087 adversus
663 2018 879 2089 Aristarchum
895 2017 1038 2089 Samium
1054 2016 1182 2088 mathe-

149 2121 317 2201 maticum,
344 2138 381 2188 ut
403 2123 554 2210 colligere
576 2123 652 2189 licet
672 2144 691 2187 e
710 2120 881 2188 Plutarcho
900 2121 952 2185 Dc
972 2122 1064 2187 Facie
1081 2123 1183 2191 Lurrre

150 2245 183 2307 p.
203 2242 277 2308 923.
296 2227 347 2288 A:
377 2245 455 2303 non,
478 2237 515 2291 ut
544 2223 704 2289 Fabricius
730 2223 857 2310 accipit,
879 2220 1025 2288 adversus
1048 2223 1182 2289 Aristar·
1284 2255 1289 2260 ·

151 2324 251 2389 chum
272 2326 533 2410 grammaticum,
548 2326 604 2412 qui
624 2326 691 2410 post
706 2323 897 2391 Cleanthem
915 2322 1046 2394 demum
1067 2323 1182 2414 Olym·

150 2424 244 2512 piade
276 2425 403 2490 circiter
430 2427 547 2493 CLVI.
578 2426 698 2506 floruit,
726 2448 827 2512 quum
863 2424 915 2494 ille
944 2424 1013 2512 jam
1049 2425 1181 2513 Olymp.

152 2525 293 2591 CXXX.
314 2527 436 2591 Zenoni
454 2527 657 2607 succeffitiet3
681 2527 832 2612 siquidem
847 2526 1007 2612 sequimur
1021 2527 1184 2614 diligentis
1276 2541 1284 2552 ¹

151 2626 185 2691 in
208 2626 271 2691 hoc
292 2649 410 2713 genere
432 2628 488 2692 viri
510 2627 649 2695 calculos
671 2626 809 2696 Edvardi
834 2627 955 2692 Corsrni
979 2630 1057 2697 Fast.
1080 2631 1183 2698 Attic.

150 2728 244 2794 Tom.
260 2729 319 2792 lV.
335 2749 367 2813 p.
379 2748 432 2815 91.
446 2742 480 2796 et
499 2747 570 2813 107.

194 2845 248 2910 31.
263 2828 301 2890 E.
327 2826 600 2914 turmulam-J
638 2826 826 2905 cavillatur,
855 2826 1041 2912 ludificatur,
1069 2831 1183 2897 calum·

150 2927 277 2992 alatur:
299 2949 373 2998 nam
396 2927 552 3015 Xylandri
571 2941 706 3014 nugatur
725 2932 767 2994 eli
782 2935 905 3016 φλοιιρέι,
926 2929 1017 3014 cujus
1032 2946 1183 2997 caeterurn

151 3029 267 3095 Latina
282 3029 502 3115 interpretatio
525 3030 722 3114 praeferenda
744 3030 951 3109 Cruserianae‚
967 3032 1030 3098 hoo
1052 3033 1124 3101 loco
1142 3036 1184 3102 ab

151 3130 207 3196 illa
230 3130 395 3218 superatur
415 3145 558 3195 vertente
575 3130 753 3212 cavillatur,
774 3154 833 3196 nec
855 3134 1047 3204 Grotianurn
1062 3136 1186 3221 jocatur

154 3232 287 3299 omnino
302 3230 386 3296 vocis
401 3232 547 3317 potestati
566 3233 726 3300 satisfacit.
760 3233 898 3320 Elegans
920 3257 979 3299 nec
1001 3235 1185 3320 infrequens

154 3338 197 3401 est
215 3337 283 3423 ejus
306 3337 379 3400 usus
399 3337 485 3421 apud
507 3335 727 3404 Plutarchum.
765 3336 918 3415 Primum,
941 3351 978 3401 ut
1000 3338 1184 3424 ιίςοιιιύεθον,

154 3437 272 3503 dicitur
293 3437 492 3523 simpliciter:
517 3435 616 3501 ueluti
633 3436 795 3515 hocloco,
818 3450 852 3502 et
873 3437 959 3522 opp,
973 3438 1061 3507 Mor.
1083 3458 1116 3524 p.
1130 3441 1186 3519 46.

153 3541 207 3605 Dr
231 3539 360 3613 νιιθισῖοις
373 3544 455 3622 -μὴ
469 3538 666 3621 σννεςοιᾰιοὲνοι
688 3538 890 3606 δοκέειν-ἁλλ’
910 3539 1034 3628 ιῖτςιιιῖον
1055 3540 1077 3626 ’lt
1099 3565 1185 3628 araq-

119 3678 134 3692 ae
154 3642 223 3729 plra
253 3640 298 3723 aa)
325 3642 585 3729 κατοιςιοιιοόμιιοι,
605 3641 839 3707 ‘admonitionem
865 3628 1063 3723 audirejaoa
1089 3643 1187 3712 auimo

154 3743 307 3826 dejuslum,
319 3743 380 3830 sul
400 3744 559 3823 immotum,
579 3767 641 3808 οιιιιι
663 3742 740 3812 οιᾶιι
760 3744 817 3814 oris
836 3742 1073 3830 diffimulaatrm.
1110 3747 1186 3816 612.

157 3847 200 3909 F:
229 3853 332 3925 σεμνῶς
354 3844 601 3929 κατειρωνευόμενοι
619 3843 722 3929 λέγιισι
744 3848 782 3926 μὴ
805 3846 855 3913 δᾶν
875 3841 965 3930 ὥσπερ
991 3843 1188 3914 οἰκοδέσποιναν

157 3950 184 4010 ἐν
206 3943 265 4030 οἴνῳ
287 3945 443 4030 absulutos
464 3945 635 4029 φιλοσοφίαν,
658 3969 723 4011 cum
736 3942 927 4029 ſsmutarione
948 3944 1115 4031 gravitatis
1137 3945 1151 4007 l
1172 3983 1187 3998 -

157 4047 320 4134 djfirantur
341 4048 477 4126 hecates,
496 4047 707 4135 philosophiam
725 4060 759 4113 ut
778 4045 1036 4131 matremfamilias
1055 4069 1113 4109 uon
1134 4047 1188 4117 da·

160 4149 226 4216 lere
244 4148 324 4212 ’inter
347 4149 453 4236 pocula
477 4150 574 4236 loqui:
607 4172 682 4214 mox
704 4171 737 4234 p.
760 4151 835 4233 ⁶13·
855 4149 893 4242 Β.
921 4147 972 4217 his
999 4147 1190 4232 respondeat

115 4313 122 4323 ,
158 4249 269 4331 -μηδὲ
289 4249 454 4325 δικαιοσύνην
471 4248 591 4332 οἰώμεθα
610 4251 660 4318 δεῖν,
681 4253 715 4322 alr
736 4249 796 4322 tris
816 4246 908 4321 πότοι
922 4244 1044 4332 bsx-ba
1057 4272 1189 4335 κοταοοι·
