2684 4762
246 294 250 301 ’
281 333 618 406 manuninum
639 335 786 403 omna
806 334 1028 403 siusium.
1147 354 1169 424 9

147 533 311 595 accurate
337 521 507 595 confutati
532 523 576 594 ab
604 521 753 594 Emesto
773 521 818 593 ad
839 520 1019 608 Tacitum,
1049 530 1168 594 tamen

83 706 84 713 ,
147 644 323 741 hodieque
339 647 375 718 in
391 645 491 717 simili
507 668 634 743 genere
649 643 728 716 suos
743 644 873 716 habent
890 644 1090 716 imitatores

210 764 392 841 caeteruin
425 770 604 863 interpres,
634 790 745 860 quum
780 765 815 835 id
847 789 948 861 agere
976 765 1100 838 debeat
1128 761 1199 838 ut¹

148 887 317 960 Austoris
333 889 595 985 intelligentiam
614 889 754 983 aperiat,
772 887 820 958 ita
839 885 959 958 scribet
975 900 1017 959 ut
1032 886 1100 983 ipse
1115 887 1169 959 iii-

149 1009 340 1106 telligatur.
392 1011 466 1111 Qui
488 1010 583 1081 eniin
604 1032 677 1080 non
693 1007 761 1105 ipse
776 1006 995 1105 intelligitur,
1012 1033 1070 1081 nae
1086 1010 1115 1081 is
1131 1021 1172 1080 ut

149 1130 290 1204 Audlor
313 1131 522 1228 intelligatur
546 1155 618 1202 non
645 1129 783 1202 efficiet.
833 1130 948 1227 Igitur
971 1140 1079 1202 omite
1102 1132 1174 1202 stu-

145 1251 251 1330 ..dium
268 1253 306 1324 in
321 1253 559 1349 perspicuitate
574 1263 692 1349 ponet.
730 1252 850 1352 Quam
867 1252 1009 1348 quidem
1025 1251 1174 1324 vidimus

149 1399 174 1446 a
187 1373 436 1471 compluribus,
453 1399 541 1471 quos
561 1375 743 1447 nominare
764 1398 837 1446 non
860 1374 909 1446 est
930 1399 1031 1472 opus,
1048 1373 1173 1447 doetis-

150 1496 245 1570 simis
267 1499 372 1569 etiam
394 1499 487 1586 viris,
510 1497 597 1569 adeo
620 1496 816 1594 negledlam
832 1497 912 1584 esse,
935 1508 978 1570 ut
1003 1495 1090 1593 saepe
1106 1498 1174 1568 mi-

150 1620 229 1692 nori
248 1622 390 1717 negotio
414 1620 511 1692 locus
532 1619 697 1692 Austoris
719 1643 825 1716 quam
847 1617 985 1692 illorum
1000 1619 1175 1717 Interpre-

152 1742 240 1813 tatio
256 1741 481 1838 intelligatur.

215 1863 308 1935 Haec
328 1888 396 1962 ego
420 1889 531 1961 quum
548 1875 585 1935 et
601 1863 675 1935 aliis
690 1862 775 1935 locis
791 1863 1043 1962 disputaverim,
1059 1876 1096 1936 et
1111 1863 1174 1936 sae-

143 1987 231 2083 pius
255 1985 512 2088 inculcaverim,
536 2000 573 2057 et
595 1985 665 2056 hoc
688 1984 766 2057 loeo
787 1986 975 2073 retulerim,
992 2010 1108 2082 neque
1123 1998 1177 2057 ta-

153 2130 239 2179 men
257 2111 293 2178 re
308 2119 345 2178 et
361 2082 454 2179 fauo
470 2106 631 2203 consequi
644 2118 682 2178 et
697 2106 832 2202 explere
848 2108 1040 2202 potuerim;
1057 2131 1179 2180 vereor

155 2254 203 2301 ne
230 2230 321 2325 apud
347 2229 562 2326 plerosque
552 2253 588 2300 in
614 2229 792 2311 vanitatis
800 2226 1132 2324 reprehensionem
1124 2254 1178 2302 in·

155 2376 304 2427 curram.
354 2352 404 2424 Et
420 2350 543 2439 fateor,
560 2351 652 2422 hanc
668 2349 772 2447 ipsam
789 2350 1037 2447 cogitationem
1062 2375 1120 2423 me
1141 2353 1178 2424 in
1230 2373 1232 2378 ’

155 2474 360 2546 maturanda
400 2472 748 2545 Animadversionum
791 2472 942 2544 editione
986 2474 1177 2550 retardasse.

157 2597 261 2682 Sane,
279 2595 393 2668 multo
414 2597 462 2668 est
480 2594 613 2668 facilius
637 2596 720 2666 artis
748 2595 918 2667 rationem
935 2619 1042 2691 quam
1064 2594 1177 2685 usum,

156 2718 253 2813 quod
279 2717 386 2814 vulgo
413 2720 511 2790 aiunt
538 2716 703 2789 theoriam
730 2740 838 2812 ,quain
864 2721 1008 2813 proriis,
1040 2730 1192 2791 teneret.

156 2839 289 2913 facilius
305 2842 354 2913 est
369 2840 460 2912 bene
475 2839 599 2928 dioere,
616 2864 722 2936 quam
745 2838 882 2923 sacere;
907 2838 1001 2936 leges
1023 2840 1178 2930 scribere,

158 2987 263 3057 quain
294 2963 400 3059 sequi.
452 2962 548 3035 Nam
578 2973 621 3034 ut
650 2959 797 3058 reliquas
820 2962 983 3034 omittam
1008 2974 1110 3051 artes,
1136 2963 1181 3036 de
1274 2940 1278 2949 Ι

157 3084 411 3182 Interpretandi
441 3095 514 3156 arte
542 3083 810 3181 quotusquisque
837 3085 887 3157 est
915 3085 1001 3181 quin
1024 3084 1182 3180 judicare
1289 3168 1305 3185 ι,

159 3206 220 3278 sibi
244 3209 337 3303 posse
360 3208 536 3279 videatur:
562 3204 832 3304 quotusquisque
856 3230 899 3278 eii
923 3206 1182 3278 innumerabili-

160 3328 226 3400 bus
250 3328 393 3425 Logicae
418 3341 454 3402 et
476 3328 677 3402 dostoribus
698 3339 735 3399 et
755 3327 987 3424 scriptoribus,
1003 3327 1090 3423 quin
1106 3330 1182 3424 ejus

158 3452 242 3523 artis
258 3452 428 3524 rationem
444 3476 484 3522 ac
500 3462 687 3548 praecepta‚
704 3448 811 3522 veluti
828 3472 870 3521 ex
885 3447 1019 3546 tripode
1033 3451 1182 3542 oracula,

158 3574 344 3648 decantet:
371 3575 474 3648 rudes
499 3573 654 3670 plerique
678 3595 801 3644 omnes
825 3566 990 3645 abomni
1013 3573 1182 3648 Veterum

160 3695 309 3770 ledlione
331 3722 372 3768 ac
393 3696 519 3769 studio.
542 3709 546 3716 “
571 3694 670 3797 Quid
692 3696 812 3792 igitur,
833 3694 927 3767 dicat
944 3697 1033 3792 quis,
1056 3700 1183 3771 caussa)

162 3819 223 3908 est,
239 3819 336 3917 quod
361 3832 401 3891 tu
426 3820 487 3916 qui
510 3821 617 3892 vitam
643 3819 680 3890 in
703 3817 872 3890 Veterum
894 3817 1044 3890 lessione
1058 3820 1182 3892 consu-

162 3942 241 4029 miS,
270 3942 569 4038 Interpretationis
594 3942 762 4012 rationem
787 3951 824 4011 et
848 3937 1004 4013 officium
1028 3942 1186 4014 oratione

161 4063 382 4159 probabiliter
398 4063 568 4162 designas,
593 4088 630 4135 re
652 4073 689 4134 et
711 4062 848 4135 ustione
863 4086 936 4135 non
957 4064 1039 4135 item
1061 4063 1184 4159 proba-

162 4184 276 4259 biliter
297 4186 440 4283 exples?
466 4187 552 4284 quid
574 4187 633 4275 est,
653 4184 748 4282 quod
765 4184 1089 4294 Animadversiones
1112 4199 1184 4262 tua>
