2684 4762
148 354 208 409 238
292 348 332 408 D.
343 349 395 407 W.
415 348 623 409 ANIMADV.
643 348 689 409 IN
711 341 942 410 PLUTARCHI
962 344 1036 408 Llll.

149 509 230 596 pidis
245 509 417 597 Hippolyt.
436 533 469 597 p.
488 528 538 595 17.
553 514 664 601 etseq.
685 525 720 577 ct
741 514 774 578 S.
787 511 989 600 Musgravius
1003 510 1036 574 in
1051 511 1185 594 Fragm.

150 612 262 698 Eurip.
277 615 316 678 T.
329 615 390 677 Ill.
405 635 438 699 p.
445 616 520 699 565.

196 734 228 797 p.
245 715 298 781 28.
312 714 355 778 A.
385 718 492 789 ἐντοῖς
509 715 637 802 Τροίαοι]
669 718 706 781 ln
730 715 898 804 tragoedia,
922 713 976 778 cui
998 734 1117 776 nonren
1145 711 1190 775 est

150 811 304 892 Troades,
328 814 417 878 versu
431 835 506 902 919.
543 816 671 882 Helena
691 815 859 902 respondet
881 815 1044 880 Hecubae:
1068 818 1189 900 Πρῶτοι

150 915 201 996 μὲν
214 919 308 1001 ἀρχιίς
323 915 411 979 ἔτεκεν
425 917 469 994 ἥδε
483 925 536 979 τῶν
550 926 654 996 κακῶν,
669 919 763 1006 Πάριν
775 926 906 981 τεκοῦσα.

195 1016 248 1083 28.
262 1017 306 1081 A.
336 1017 452 1103 Κοίτωι]
479 1017 563 1084 Cato
585 1019 706 1098 Minor,
724 1019 923 1106 cognomine
944 1015 1120 1082 Uticenfis:
1146 1007 1213 1097 dc·

151 1137 216 1206 quo
231 1118 317 1184 idem
332 1119 394 1184 hoc
408 1119 515 1205 prodit
529 1120 719 1185 Plutarchus
733 1121 764 1184 in
779 1120 848 1208 ejus
862 1118 940 1183 Vita
955 1139 988 1203 p.
1002 1120 1074 1201 760.
1085 1117 1130 1181 A.

196 1203 301 1286 28.’B.
323 1224 374 1294 τοίς
399 1220 489 1295 αἰτίας
510 1230 611 1306 πικρῶς
632 1226 793 1309 ἀπαιτοῦσι]
822 1221 936 1286 Acerba
960 1220 1083 1307 exigunt
1102 1232 1187 1305 rope-

153 1313 412 1409 tuutqaccarcfflrr.
448 1322 540 1386 Poffit
553 1324 676 1387 forcalle
690 1324 743 1388 cui
760 1323 869 1388 mendi
889 1322 1023 1408 suspicio
1042 1321 1188 1387 accidere

153 1422 194 1488 de
215 1445 292 1488 noce
312 1432 433 1509 πικρῶς,
455 1423 612 1510 cogitanti
632 1423 694 1489 hoc
714 1425 828 1489 melius
843 1423 1009 1489 convenire
1023 1422 1055 1485 in
1071 1422 1187 1489 dmm

153 1538 188 1589 et
205 1525 351 1590 acerbam
366 1525 466 1590 debiti
488 1539 521 1591 et
543 1526 688 1611 pe'cuniae
701 1527 912 1605 exactionem,
927 1549 1024 1613 quam
1044 1526 1077 1589 in
1094 1548 1188 1611 qnae·

154 1625 286 1690 itionem
306 1625 462 1701 eniditam
482 1643 516 1691 et
535 1628 791 1714 grammaticam,
811 1628 863 1692 cui
886 1627 988 1713 magis
1008 1649 1188 1714 congruere

153 1725 280 1791 ridetur
290 1729 418 1816 ιίοιχςῶς,
423 1728 558 1815 frigide,
568 1730 617 1794 vel
629 1729 758 1817 γλίχροος
770 1729 905 1807 tenuiter,
917 1728 1084 1815 subtiliter,
1100 1741 1188 1792 tena-

154 1828 246 1892 citer:
271 1851 343 1914 quae
365 1830 425 1893 tria
447 1831 577 1895 nomina
598 1831 781 1917 frequenter
801 1831 885 1894 inter
897 1832 927 1895 se
942 1828 1120 1916 permutari
1136 1831 1187 1893 so·

154 1928 223 1997 lent
237 1951 257 1993 a
270 1929 414 1994 librariis.
453 1931 557 2017 Igitur
576 1931 666 1994 simul
684 1946 717 1996 et
740 1932 793 1996 hic
814 1931 904 1996 locus
920 1930 1139 2008 vindicandus,
1154 1947 1190 1995 et

155 2031 353 2097 consuetudo
368 2031 530 2096 Plutarchi
543 2032 732 2097 declaranda
745 2033 788 2097 est
801 2032 966 2117 exemplis
998 2034 1083 2119 Opp.
1100 2035 1190 2096 Mor.

153 2153 190 2220 p.
203 2153 256 2213 41.
271 2133 321 2199 A:
344 2139 391 2210 τῆς
405 2133 537 2210 ἀληθείας
554 2142 608 2197 τῶν
626 2135 780 2217 λεγομίνοιν
795 2132 892 2221 siagrii
907 2136 927 2219 ’l
942 2138 1035 2219 irrupit
1049 2135 1188 2210 ἔέοἰοιςῆντ

154 2253 189 2319 p.
202 2253 256 2329 45.
270 2236 308 2298 Ε.
330 2233 457 2298 auditor
473 2233 558 2298 (ἰίἂᾶ
578 2235 713 2298 oratoris
730 2243 831 2319 πικρῶς
849 2235 978 2311 ἐξετάζειν
994 2233 1125 2298 dicitur.
1153 2255 1188 2319 p.

155 2337 231 2415 664.
244 2336 294 2406 Da,
317 2338 446 2421 οἰδολεχῶ
458 2344 630 2423 παρακαλῶν
644 2341 713 2417 ὑμᾶς
728 2338 769 2399 sat
784 2341 831 2414 τὴν
845 2337 951 2413 ζήτησιν
963 2342 1010 2413 τῆς
1024 2335 1128 2415 αἰτίας,
1143 2337 1190 2399 ἵνα

154 2440 193 2519 μὴ
207 2439 301 2524 αιιιςός
314 2437 488 2522 γίνοιμοις-.

66 2600 70 2608 ,
194 2538 251 2606 28.
267 2541 305 2603 B.
328 2539 465 2615 Maliaor‘
480 2539 654 2625 οἰνοχόοιο-ι]
682 2539 812 2604 Hesrodi
824 2538 916 2627 Ἐςγ.
930 2556 1003 2623 740.
1024 2541 1131 2625 οἰιοχίις
1146 2542 1192 2605 est

156 2640 289 2727 quibus,
304 2639 446 2720 cochlear,
464 2662 530 2726 quo
547 2640 658 2704 vinum
677 2662 715 2705 ex
736 2653 859 2705 cratere
881 2640 1039 2719 hauritur,
1059 2641 1193 2708 auctore

159 2741 289 2807 Polluce
304 2742 365 2804 Vl.
383 2761 433 2825 19.
456 2742 500 2803 X.
514 2755 573 2824 75:
597 2739 692 2827 cujus
705 2740 796 2804 usum
819 2740 987 2826 tetigimus
1009 2739 1040 2804 in
1063 2741 1193 2806 Annot.

147 2843 199 2909 ,ad
217 2843 340 2909 Soledta
353 2843 434 2906 Hist.
452 2845 509 2908 Gr.
525 2864 558 2928 p.
570 2860 645 2928 374.
660 2845 723 2930 seq.
759 2847 852 2908 Porte
869 2842 1011 2931 reliquiae
1026 2845 1194 2909 nonnullae

158 2944 339 3012 Plutarchci
369 2945 602 3011 Commentarii
624 2945 735 3009 sintin
758 2944 890 3009 Scholio
912 2944 1013 3009 Procli
1035 2944 1075 3009 ad
1103 2944 1195 3010 hunc

156 3045 278 3126 locum,
293 3045 348 3133 qui
362 3043 432 3109 haec
447 3066 522 3109 cum
542 3044 763 3132 Pythagoricis
779 3043 929 3132 symbolis
951 3045 1193 3110 conrmunicatz

156 3149 325 3232 ῐομὲὄλιιιον
337 3149 485 3230 παίἰειιςιοι·
500 3147 609 3228 τιιτέςι,
623 3153 663 3230 μὴ
677 3149 826 3236 &ingober
840 3154 875 3212 τΐι
891 3155 966 3211 norati
980 3146 1057 3232 οἴγειν
1070 3151 1103 3211 si
1118 3148 1195 3213 ἰίιοι·

156 3257 171 3315 ὁ
191 3252 242 3334 μὶν
262 3256 322 3338 γοίς
343 3254 449 3338 κρατὴρ
469 3249 609 3337 optimo
629 3250 712 3323 κοινὸς
736 3254 761 3312 ἰν
782 3254 843 3323 ταῖς
864 3248 1019 3336 τραπέζαις·
1044 3254 1074 3313 ἐκ
1086 3239 1126 3313 ιδί
1147 3257 1196 3327 τῆς

156 3353 277 3439 οἰνοχόης
293 3352 431 3440 ἀςιιόμιιοι
455 3349 537 3414 ἔιιιιοι
552 3356 575 3413 οἰ
588 3353 792 3424 condaminas·
816 3352 838 3413 i.
852 3373 881 3414 e.
899 3349 1091 3434 Symbolicum
1107 3367 1196 3439 ραι-

155 3465 288 3540 ceptum:
311 3452 346 3514 id
357 3450 405 3536 cll,
421 3451 561 3514 communi
577 3474 636 3514 ιιοιι
654 3450 800 3538 preafcrra
814 3450 986 3537 proprium:
1011 3474 1082 3513 ιιιιιιι
1097 3465 1196 3513 noter

134 3553 314 3640 ‘propofitas
337 3565 401 3614 erat
421 3552 576 3616 communis
594 3552 626 3614 ia
640 3553 752 3634 measti,
775 3551 898 3637 indeque
920 3550 1088 3613 haurientes
1111 3552 1197 3615 bibe-

158 3652 234 3716 bant
245 3670 283 3715 cx
295 3651 452 3715 oenocboc:
475 3672 538 3715 non
554 3650 639 3714 eninr
655 3666 744 3713 certo
757 3673 795 3713 ex
814 3649 971 3713 oetrochoa
991 3649 1196 3734 hauriebant,

158 3753 214 3821 sed
235 3750 344 3839 potius
364 3751 517 3817 bibebant
534 3773 573 3815 ex
587 3773 643 3814 ca:
667 3750 729 3814 hoc
745 3749 831 3814 cuim
844 3749 913 3813 vult
927 3748 1024 3837 hujus
1037 3751 1102 3814 loci
1124 3753 1197 3817 sen·

158 3855 272 3922 tentia.
306 3857 393 3940 Ergo
417 3851 546 3915 Proclus
570 3850 689 3936 οἰνοχόην
715 3849 872 3914 intellexit
896 3851 1065 3935 poculum,
1088 3875 1109 3915 e
1130 3875 1198 3939 quo

158 3957 292 4035 bibitur,
306 3968 340 4021 ct
353 3953 387 4018 in
407 3952 493 4039 quod
511 3952 619 4018 vinum
636 3974 673 4016 cx
689 3964 810 4016 cratere
835 3951 980 4015 haustum
1000 3950 1195 4018 inlimditur.

158 4063 253 4141 Mox,
281 4055 439 4146 praemitl'o
462 4052 569 4131 ἄλλως,
598 4054 717 4140 οἰνοχόην
745 4052 824 4115 dicit
852 4052 912 4117 else
939 4052 1109 4139 cyathum.
1147 4058 1198 4120 At

159 4159 393 4248 Moschupulus
416 4156 561 4223 Proclum
584 4155 709 4232 ferend
730 4156 860 4217 verbum
877 4155 1070 4234 del'cribens,
1083 4171 1195 4221 tamen

160 4263 224 4328 hoc
235 4261 386 4351 posterius
408 4257 524 4325 retinet
542 4255 661 4343 οἰιοχόοςν
679 4261 737 4342 γὰρ
757 4256 821 4335 clm
839 4260 886 4332 τὴν
902 4258 1017 4322 κύαθον.
1055 4258 1161 4344 Igitur
1174 4281 1196 4325 e
