2684 4762
217 359 274 412 182
354 351 393 410 D.
408 352 459 410 W.
479 352 689 412 ANIMADV.
709 350 757 412 IN
777 352 1009 413 PLUTARCHI
1030 352 1105 410 LIB.

214 511 453 600 (sleorfirutlio,
475 540 543 601 quer
557 515 643 600 facit
666 540 759 579 omnes
778 528 879 604 partes
902 513 1040 579 orationis
1057 510 1249 600 aequabiliter

210 615 385 703 perpolitus.
421 616 555 691 Δνέἂεσνς
576 616 662 703 apud
685 617 839 682 Rhetores
859 618 956 682 habet
973 617 1071 680 varias
1094 613 1247 700 fignifica-

215 714 339 780 tiones:
371 716 531 803 praecipua
554 718 596 781 est
617 717 818 804 dispofitionis‚
841 740 936 804 quam
955 716 1041 781 idem
1063 714 1190 779 Aulior
1209 712 1250 776 ad

215 819 453 885 Herenn.1.2.
476 818 641 905 distinguit
660 821 701 883 ab
715 821 895 899 inventione,
915 818 1081 897 elocutione,
1100 815 1251 894 memoria,

213 918 463 1004 pronunciatione,
479 919 588 1006 itaque
600 920 730 984 definit:
754 921 895 1008 dispositio
910 918 1030 1005 estordo
1045 930 1074 982 et
1089 915 1250 1004 distributio

216 1045 286 1108 quae
306 1022 481 1108 demoiylrat
501 1023 575 1110 quid
596 1022 702 1111 quibus
723 1023 754 1087 in
773 1023 842 1086 locis
851 1022 899 1106 ſst
913 1020 1110 1085 collocandum
1121 1044 1137 1082 .··
1157 1040 1251 1105 porro

214 1120 383 1185 elocutionis
410 1136 533 1207 partem
563 1122 641 1186 facit
669 1123 890 1211 compoſstiouem
916 1122 976 1186 IV.
1002 1139 1052 1185 12.
1096 1116 1250 1182 Eamdem

215 1218 468 1287 distributionem
495 1223 604 1287 iisdem
631 1223 697 1288 lere
722 1224 824 1289 verbis
848 1220 1045 1308 persequitur
1071 1219 1187 1283 Cicero
1211 1217 1250 1281 de

216 1324 343 1388 Invent.
359 1326 387 1388 l.
404 1343 434 1409 7.
450 1325 501 1389 sed
523 1325 569 1390 ita
589 1341 627 1390 ut
648 1325 853 1411 dispcfitionem
867 1323 969 1411 magis
984 1333 1128 1408 opponat
1143 1320 1250 1383 inven-

216 1425 289 1490 tioni
310 1427 370 1493 hac
385 1428 588 1494 definitione:
613 1429 754 1516 dffposttio
775 1427 814 1512 est
832 1452 929 1491 rerum
943 1426 1134 1490 inventorum
1157 1424 1189 1486 in
1202 1445 1249 1486 or·

216 1527 315 1593 dinem
329 1529 513 1616 distributio:
536 1545 573 1597 ut
588 1533 664 1596 item
682 1531 770 1596 Plato
785 1530 919 1596 Phaedro
933 1551 966 1615 p.
980 1549 1055 1614 340.
1066 1528 1112 1591 D.
1127 1525 1168 1590 de
1180 1547 1249 1590 ora·

217 1628 307 1694 tione
331 1632 457 1718 scripta,
482 1655 541 1697 nec
563 1631 691 1720 publice
713 1631 859 1710 dicenda,
885 1630 1046 1704 differens,
1072 1627 1155 1692 duos
1176 1625 1251 1690 facit

216 1728 288 1816 ejus
302 1755 465 1813 numeros,
488 1732 591 1823 εὕρεσιν
613 1747 646 1799 et
667 1734 799 1798 διάθεσιν.
838 1732 1026 1798 Plutarchus
1045 1728 1191 1816 proximo
1212 1726 1249 1792 li-

217 1829 278 1894 bro
296 1852 329 1918 p.
340 1853 394 1914 44.
408 1835 441 1897 D
456 1859 464 1897 z
489 1834 568 1898 duas
583 1833 715 1899 secernit
730 1846 835 1920 partes
848 1831 963 1910 laudis,
980 1831 1113 1895 alteram
1126 1833 1175 1906 τὴν
1186 1827 1250 1890 r'seo‘-

216 1934 295 1994 θεσιν
315 1939 352 1996 ri
369 1932 444 2018 λόγω
467 1933 513 2013 καὶ
529 1934 704 2022 προαίρεσιν,
724 1933 854 1998 alteram
871 1937 918 2010 τὴν
933 1934 1006 2010 λέξιν
1025 1931 1040 2008 ἢ
1060 1931 1250 1993 &adiecturus

216 2031 384 2118 λεγομένων,
407 2034 440 2099 id
460 2036 515 2114 est,
531 2034 715 2099 elocutionem
734 2033 787 2098 vel
807 2033 1014 2121 disprfitionem
1036 2055 1133 2094 rerum
1155 2030 1250 2094 diua·

216 2156 284 2197 rum
306 2146 396 2224 utque
418 2137 629 2200 inventurum:
653 2136 738 2201 relle
755 2134 949 2220 distinguens
971 2132 1045 2211 λέξιν
1066 2146 1100 2196 et
1120 2132 1249 2194 διάθεσιν.

218 2236 294 2303 Alia
308 2240 351 2302 est
365 2239 442 2302 item
458 2239 643 2325 fignificatio
658 2240 720 2302 hoc
734 2239 801 2324 ipso
815 2238 907 2317 libro,
924 2237 1078 2323 proxime,
1095 2257 1128 2322 p.
1144 2251 1194 2320 17.
1208 2236 1249 2301 B:

219 2338 260 2402 de
275 2362 338 2425 qua
353 2340 396 2404 ibi
412 2340 565 2403 dicemus.

265 2442 315 2503 16.
332 2440 371 2504 C.
404 2444 429 2503 iu
451 2444 572 2526 γραφαῖς
596 2438 796 2527 κινητικώτερόν
819 2444 858 2513 ἒςν
877 2448 985 2527 χρῶμα
1004 2444 1137 2526 γραμμῆς
1157 2440 1202 2502 διαὶ
1220 2439 1251 2500 ri

218 2538 386 2627 ἀνδρείκελον
407 2540 452 2619 nol
472 2542 640 2626 ἀπατηλὸν,]
666 2542 813 2628 Theages
833 2541 1064 2629 Pythagoricus
1085 2539 1171 2627 apud
1190 2538 1251 2604 Tb.

219 2643 357 2706 Galeum
383 2643 417 2706 in
440 2643 557 2727 Opusc.
578 2641 721 2728 Mythol.
747 2663 779 2727 p.
794 2644 877 2729 695:
908 2645 943 2706 δεῖ
967 2639 1003 2705 ὦν
1024 2645 1056 2706 τὸ
1079 2643 1176 2716 πάθος
1198 2639 1253 2704 iro

219 2742 454 2830 σαςεμφαῖνεθα(
468 2747 493 2805 ὃν
506 2748 545 2826 τᾷ
558 2747 656 2830 ἀρετᾷ,
672 2740 761 2829 ὥσπερ
778 2742 823 2821 ucri
836 2747 898 2815 ταὶν,
907 2749 989 2807 entole
1010 2745 1031 2829 'h
1052 2748 1103 2807 coit
1116 2749 1253 2830 ypuppdu

219 2846 261 2909 tort
277 2851 327 2920 ταῖς
341 2853 461 2932 ypepis·
484 2847 516 2907 ri
538 2850 597 2932 γὰρ
617 2843 745 2930 ἔμψυχον
760 2844 805 2922 uni
818 2847 850 2908 ri
864 2848 1010 2909 ἇααταλὸν
1025 2844 1071 2927 καὶ
1083 2848 1115 2908 τὸ
1128 2871 1252 2928 μεμιμη-

210 2945 296 3028 uiuos
309 2953 360 3009 τὰν
372 2947 508 3010 ἀλάθειαν
522 2948 571 3010 σὺν
584 2952 623 3033 aqi
633 2946 786 3032 χρηςότητν
806 2954 859 3011 τῶν
879 2947 1038 3033 χρωμάτων
1051 2940 1164 3029 issima
1177 2946 1253 3030 yios·

218 3072 265 3124 rou
285 3049 330 3111 διαὶ
350 3047 460 3111 τούτων·
488 3048 533 3111 ita
552 3046 784 3111 Valckenarius
807 3048 999 3129 emendavit,
1021 3047 1167 3113 adhibito
1190 3048 1254 3114 hoc

220 3148 382 3214 Plutarchi
396 3149 481 3228 loon,
495 3147 536 3212 ad
557 3148 717 3234 Euripidis
733 3149 844 3212 Phoen.
861 3171 893 3236 p.
904 3152 959 3229 46.
995 3152 1120 3215 Vocem
1132 3149 1255 3238 Ἀνδρεί-

221 3265 299 3325 κελος
323 3249 534 3316 Ruhnkenius
555 3250 698 3314 traltavit
719 3249 760 3314 ad
777 3251 861 3314 Tim.
885 3272 917 3336 p.
930 3253 984 3336 36.
1020 3250 1074 3315 Ad
1089 3274 1155 3316 rem
1171 3273 1254 3338 prae·

219 3353 340 3417 sentem
366 3353 442 3416 facit
467 3351 556 3417 Plato
580 3351 672 3416 Polit.
699 3373 731 3437 p.
756 3353 826 3435 178.
849 3352 897 3417 C:
930 3358 943 3415 i
965 3352 1049 3439 λόγος
1071 3358 1145 3436 ἡμῖν,
1165 3355 1256 3439 ὥσπερ

221 3455 299 3533 ζῶον,
313 3458 361 3529 τὴν
376 3453 472 3529 ἔξωθεν
486 3455 536 3534 μὲν
549 3452 706 3541 πεςνῖςαφὴν
720 3452 802 3516 ἔοικεν
816 3459 912 3528 ἱκανῶς
933 3453 1016 3539 ἔχειν,
1029 3458 1077 3532 τὴν
1097 3456 1117 3516 δ’
1131 3454 1184 3517 olor
1200 3460 1256 3531 ταῖς

220 3554 375 3639 puppinus
389 3553 484 3640 uolrp‘
504 3556 658 3640 cuyugoicu
671 3563 726 3618 τῶν
744 3556 905 3641 χρωμάτων
926 3555 1065 3642 ἐνάργειαν
1085 3558 1121 3617 ἐκ
1138 3560 1257 3634 dennun-

218 3653 305 3735 plscu.
341 3655 492 3718 Aristides
510 3657 565 3719 Or.
583 3655 661 3718 Plat.
679 3657 705 3720 I.
727 3677 759 3740 p.
771 3675 834 3740 39:
857 3660 889 3718 τὸ
904 3655 1038 3728 κᾶλλνςνν
1056 3662 1104 3732 τῆς
1120 3656 1256 3745 τίχννςνξ1

218 3755 402 3833 τελεώτατον,
421 3752 506 3840 udo}
527 3759 664 3842 γραφικὴν
682 3756 698 3832 ἢ
718 3760 864 3833 charraris
887 3756 950 3834 tium
969 3754 1097 3842 διαφέρω,
1110 3762 1184 3821 τοῦτ’
1202 3760 1257 3833 ἔςνν

220 3863 296 3933 irrui
307 3855 460 3942 χρώματος
473 3855 556 3936 μίξις·
582 3859 667 3940 ἐγγὺς
681 3862 740 3944 γὰρ
753 3856 816 3941 ἄγα
829 3859 861 3920 τὸ
876 3858 993 3920 εἰκαθὲν
1006 3863 1052 3933 τῆς
1066 3856 1212 3935 ἀληθείας.

266 3959 316 4022 16.
334 3957 374 4020 C.
400 3957 688 4042 ὁΣωνιράτης-ανὺς
712 3959 738 4019 δὲ
764 3957 882 4020 Alcaico
903 3961 958 4032 τοῖς
980 3957 1055 4020 ἔτεσι
1069 3959 1173 4040 -μῦθες
1197 3961 1254 4024 ὄνό-

219 4062 322 4143 pelen]
354 4059 505 4122 Sumtum
531 4081 550 4122 e
578 4057 717 4122 Platonis
741 4059 900 4123 Phaedonc
921 4080 957 4145 p:
968 4062 1043 4144 376.
1058 4062 1096 4124 E.
1120 4078 1197 4145 377.
1211 4063 1254 4129 A.

220 4181 318 4245 quern
340 4160 483 4225 imitatur
502 4159 649 4229 lulianus
672 4161 728 4225 Or.
743 4163 821 4226 Vll.
844 4183 878 4247 p.
895 4181 969 4246 207.
983 4164 1021 4227 B.
1061 4163 1167 4228 Priore
1183 4163 1255 4231 loco

222 4259 362 4325 Platonis
379 4261 423 4326 est
440 4260 554 4336 ὶνττίνας
567 4263 628 4337 τοὺς
649 4268 697 4327 τοῦ
714 4261 833 4327 Αἰσῶτα
855 4263 963 4350 tripes:
985 4263 1168 4352 polieriotc,
1183 4269 1254 4349 lucy
