2684 4762
277 327 332 385 on
352 322 576 386 Aunmnms
599 325 743 384 nomn.
763 343 791 401 p.
804 335 852 383 20.
867 326 950 395 nn.
1068 335 1128 400 νου

96 509 130 574 p·
146 495 221 576 920.
240 488 294 553 D:
325 487 377 562 α’ίςε
403 489 585 575 Κλεοπάτραν
608 489 774 551 διδασκάλια
792 487 909 572 Φυλέίφι
927 494 973 564 τῆς
994 487 1125 551 Ἀντωνία

93 590 329 678 γυναικοκρασίας
343 590 464 673 ὀφείλειν.
501 590 664 654 Strabonis
678 591 771 654 verba
784 589 845 652 Ill.
861 612 893 676 p.
907 609 923 651 τ
925 606 978 673 51.
994 592 1020 653 B
1034 614 1041 652 :
1067 590 1125 676 ἔχει

95 692 153 778 γάρ
173 718 237 755 ,τινα
259 691 502 778 γυναικοκρασίαν·
529 697 596 753 rito
619 693 639 752 δ’
661 695 690 753 οὐ
707 691 785 754 πάνυ
804 695 961 768 πολιτικὸν,
981 692 1127 777 apposuit

95 793 183 859 Dan.
197 795 327 857 Scottus
343 793 374 855 in
388 791 539 877 Append.
555 792 595 854 ad
609 791 701 855 Thes.
718 813 751 876 p.
765 807 838 876 757.
870 793 971 877 Igitur
985 792 1125 878 ejusdem
1171 872 1176 886 ἢ

96 894 162 958 fere
176 894 220 957 est
234 893 394 978 potestatis
408 915 444 956 ac
464 892 675 975 γυναικομανία,
694 891 874 975 γυναιμανία,
889 891 1078 976 mulierosttas
1092 906 1126 959 et

95 995 225 1082 quidem
249 997 455 1082 intemperans,
474 996 516 1058 est
535 996 619 1058 enim
636 1018 655 1058 a
674 1001 770 1083 κρῖισις
790 1007 1064 1082 temperamentum:
1087 1007 1126 1058 ut
1203 1074 1205 1087 Ι

97 1095 151 1161 illa
163 1097 206 1160 est
219 1096 376 1182 irffaniens,
392 1120 411 1159 a
424 1095 545 1177 palear:
570 1110 741 1183 tueturque
756 1098 786 1160 se
801 1096 910 1160 eadum
923 1096 1053 1181 originis
1065 1120 1125 1160 no-

16 1213 19 1216 ’
96 1199 230 1277 tatione,
245 1221 309 1283 qua
322 1197 458 1284 ἀκρασία,
474 1197 619 1285 εὐκρασία,
634 1197 800 1284 δυσκρασία,
816 1196 998 1284 ἑωλοκρασία.
1034 1198 1124 1261 Con·

90 1297 243 1387 junitum
263 1299 387 1363 videtur
400 1312 433 1362 et
452 1311 626 1385 cognatum
647 1299 866 1386 γυναικοκρατία
880 1299 1019 1361 muliebre
1034 1299 1125 1385 impe·

96 1400 186 1482 rium,
200 1400 288 1488 quod
303 1401 380 1464 item
395 1399 522 1480 (licitur,
537 1413 574 1465 ut
588 1401 781 1488 ἂριςοκρατία,
798 1400 977 1488 δημοκρατία,
993 1413 1026 1465 et
1041 1401 1124 1464 fimi-

94 1501 156 1567 liuz
188 1523 381 1588 quamquam
404 1503 511 1587 potius
533 1503 576 1566 est
603 1504 706 1581 affine,
730 1526 749 1565 a
778 1504 889 1589 κράτος,
918 1502 1036 1590 κρατέω,
1065 1526 1125 1567 nec

93 1602 345 1679 controversum,
360 1603 477 1688 quippe
492 1604 613 1666 ratione
624 1616 656 1667 et
672 1604 728 1666 usu
744 1605 921 1667 firmatum:
938 1604 1023 1689 apud
1035 1604 1124 1668 Plut-

96 1704 230 1768 archum
246 1704 492 1790 Apophthegm.
514 1725 546 1788 p.
563 1705 633 1788 198.
649 1706 699 1767 D:
724 1707 863 1790 Lycurg.
879 1726 910 1789 p.
923 1720 976 1786 47.
992 1707 1033 1766 E:
1060 1705 1125 1768 Ca·

97 1819 174 1871 tone
188 1804 269 1892 Maj.
293 1828 325 1891 p.
340 1825 415 1889 340.
428 1808 475 1868 B:
503 1804 704 1868 Aristotelem
721 1808 800 1889 Rep.
813 1808 855 1869 V.
875 1825 923 1868 11.
939 1819 972 1868 et
993 1831 1125 1888 γυναικο-

96 1907 273 1996 κρατιίμονοι,
294 1909 336 1971 ib.
354 1910 398 1971 ll.
414 1928 444 1990 7.
484 1910 590 1986 Porr0‚
611 1907 830 1993 γυναικοκρασία
853 1909 895 1970 est
917 1909 948 1970 iri
969 1908 1057 1985 viris,
1075 1909 1127 1994 qai

95 2009 219 2076 nimium
234 2009 405 2072 mulieribus
419 2009 510 2070 dediti
522 2011 623 2092 sient:
645 2009 874 2095 γυναικοκρατία,
896 2010 926 2071 in
946 2008 1125 2090 mulieribus,
1178 2071 1180 2076 ,

94 2132 164 2196 quae
178 2109 328 2196 imperium
347 2109 486 2170 obtinent.
525 2110 699 2186 Caeteruin,
724 2122 759 2170 ut
779 2109 923 2192 ἀκράτου,
944 2109 1124 2194 impotentia,

96 2209 317 2288 incontinentia,
345 2221 378 2272 et
401 2207 538 2295 ἀκρασία,
567 2209 757 2294 intemperies,
787 2209 1023 2295 intemperantia,
1052 2233 1127 2275 cum

96 2311 155 2375 usu
176 2311 385 2395 Scriptorum,
413 2325 481 2373 tum
510 2333 616 2374 errore
643 2311 854 2389 librariorum,
885 2312 966 2397 saepe
994 2311 1126 2375 confusa

97 2412 182 2490 sunt,
197 2412 279 2498 quasi
294 2412 420 2498 ἀκρασία
439 2412 521 2475 latta
540 2410 614 2474 effet
631 2432 669 2474 ex
683 2435 760 2476 voce
781 2411 950 2499 ἀκρατησία,
966 2412 1054 2498 quod
1076 2426 1124 2476 ta·

97 2533 172 2576 men
188 2513 300 2577 rationi
316 2527 485 2599 repugnat,
505 2511 581 2576 licet
601 2513 682 2575 forte
701 2513 851 2599 opinione
867 2513 988 2599 vulgari
1009 2513 1125 2600 proba·

97 2627 181 2692 tum,
206 2637 264 2678 nec
287 2615 502 2700 improbatum
525 2614 621 2677 fuerit
644 2617 689 2678 H.
711 2615 873 2701 Stephano
893 2615 985 2679 Thes.
1007 2618 1045 2679 L.
1067 2619 1125 2680 Gr.

95 2716 135 2780 T.
152 2717 195 2778 ll.
219 2738 251 2801 p.
271 2735 339 2799 134.
363 2728 398 2780 et
417 2732 499 2799 405:
530 2716 574 2779 ita
596 2731 707 2801 putem
729 2716 840 2780 eadem
862 2717 1039 2782 temeritate
1060 2717 1126 2784 duo

96 2816 168 2881 haec
191 2817 332 2895 nomina,
354 2817 588 2904 γυναικοκρασίαν
610 2831 643 2881 et
664 2820 908 2905 γυναικοκρατίαν,
931 2819 1051 2904 agitata
1071 2819 1124 2883 fu·

95 2919 161 2983 ilse.

141 3041 192 3087 20.
206 3023 248 3084 A.
272 3020 389 3103 Είματοί
401 3025 426 3084 τ’
441 3019 624 3106 &Euporia-ff
652 3019 759 3107 Odyss'.
775 3025 817 3084 Θ.
833 3039 906 3106 249.

141 3141 192 3186 20.
207 3122 250 3185 Α.
271 3125 354 3185 Ἀλλ’
369 3120 423 3207 οίγε
438 3125 521 3208 Sir]
549 3120 656 3209 Odyll.
672 3126 714 3185 Θ.
729 3141 803 3207 492.

140 3243 192 3288 20.
207 3225 249 3286 Α.
271 3225 409 3309 σαφρίνοον
424 3223 470 3302 καί
482 3233 538 3287 νοῦν
553 3224 683 3311 ἐχόντων]
707 3227 788 3288 Haec
797 3247 897 3310 quum
912 3223 1123 3290 differentiam

95 3326 130 3390 in
153 3337 282 3409 promtu
304 3325 434 3410 positam
454 3325 602 3403 habeant,
624 3327 847 3413 temperantiam
867 3340 900 3390 et
923 3326 1125 3414 prudentium,

95 3423 279 3510 Stephanus
306 3422 397 3502 illud,
422 3423 494 3488 loco
518 3423 630 3487 veteris
654 3424 798 3488 lectionis
821 3424 964 3513 φρονίμων,
991 3427 1124 3513 recepit.

53 3604 60 3622 .
95 3525 199 3610 Atqui
214 3524 300 3588 haud
315 3524 457 3588 diffimile
471 3525 514 3588 est
530 3524 667 3587 Platonis
682 3527 762 3611 Leg.
777 3526 837 3588 XI.
857 3526 960 3605 initio,
981 3533 1037 3590 νοῦν
1053 3527 1125 3615 ἔχων

96 3627 231 3712 ἔμφρονας
257 3625 417 3690 Plutarchi
431 3624 514 3689 Adv.
529 3625 629 3689 Stoic.
645 3647 678 3711 p.
693 3642 784 3709 1077.
800 3630 846 3692 E:
871 3632 960 3702 κοινοὶς
974 3627 1068 3714 φρένας
1082 3632 1124 3692 ir·

95 3727 166 3807 δόναρ
188 3727 233 3808 καί
255 3731 337 3792 κοινὸν
356 3736 423 3791 νοῦν.
458 3747 512 3808 42.
534 3730 577 3792 D.
600 3728 721 3793 Theseo
742 3750 775 3814 p.
790 3750 823 3814 3.
844 3731 893 3796 B:
921 3737 995 3812 μετὰ
1015 3739 1058 3795 νοῦ
1079 3721 1125 3811 καί

95 3828 246 3902 συνέσεως.
278 3829 355 3893 item
375 3831 456 3911 σοφὸς
475 3842 508 3893 et
526 3829 647 3914 φρόνιμος
660 3828 846 3916 junguntur
863 3831 947 3894 Adv.
968 3833 1066 3896 Stoic.
1090 3853 1123 3916 p.

97 3933 190 3999 1061.
208 3934 247 3996 C.
277 3936 369 4017 1067.
384 3935 427 3999 A.
459 3931 543 3997 Adv.
568 3931 696 4017 Epicur.
718 3955 752 4018 p.
773 3937 866 3997 1106.
887 3935 925 3996 C.
962 3933 1122 4018 Aristoph.

95 4039 175 4100 Ran.
190 4049 265 4117 537.
278 4037 392 4121 -πρὸς
406 4034 496 4121 ἀνδρός
510 4039 550 4107 ἐςι
567 4041 624 4098 νοῦν
638 4033 747 4120 ἔχοντος
762 4033 808 4116 καὶ
821 4034 969 4122 φρίνας-.
994 4034 1122 4099 Thesm.

136 4137 170 4200 ⁸8.

96 4157 191 4303 2920.
205 4237 242 4298 B.
260 4234 357 4324 Ὀφρα
370 4234 478 4324 ίδγφ]
505 4235 595 4303 Iliad.
608 4241 648 4301 Ο.
659 4257 714 4323 32.

156 4359 242 4402 VOL·
257 4359 311 4406 VI·
337 4354 349 4377 ¹·
640 4359 659 4403 P
