2684 4762
230 340 291 392 540
373 333 412 394 D.
427 334 478 395 W.
498 335 708 396 ANIMADV.
729 335 778 396 IN
797 334 1026 397 PLUTARCHI
1047 336 1121 396 Lis.

227 501 267 579 τῷ
290 500 365 580 αὐτῷ
387 495 436 561 vel
458 505 507 561 τοῦ
528 464 625 579 αὐτοῦ)
652 500 684 563 τὸ
705 501 769 581 ἐμὸν
792 498 951 584 φθίγῖεθας
972 501 1019 563 nal
1046 501 1078 562 ri
1102 497 1261 586 ἀλλότριον.

226 597 370 662 Verbum
386 599 428 662 est
442 597 474 662 in
492 597 654 664 Plutarchi
669 601 755 687 Opp.
771 603 857 666 Mor.
878 623 911 687 p.
923 602 977 688 96.
993 602 1031 664 E.
1055 601 1125 664 Vit.
1141 622 1175 686 p.
1189 619 1261 685 203.

118 721 123 730 “
225 699 264 762 Β.
293 703 502 780 συνομοπαθεῖν.
551 700 757 787 Adjeffivum
782 706 921 783 ὁμοπαθὴς
949 701 1048 766 habet
1071 700 1261 765 Plutarchus

227 800 313 886 Opp.
337 801 424 880 Mpr.
447 822 480 886 p.
496 801 549 886 96.
565 803 609 864 D.
642 803 778 887 491'.A.
810 803 883 886 708.
897 805 941 868 D.
968 805 1101 888 921.D.
1138 802 1260 866 Aristo·

227 900 307 964 teles
324 901 480 966 Problem.
497 903 539 967 V.
556 921 609 969 22.
642 903 829 990 Cognatum
843 906 886 970 est
899 904 1032 969 verbum
1046 909 1214 986 συμπαθεῖν,
1229 919 1260 967 ct

225 1001 309 1088 saepe
318 1003 501 1090 promiscue
514 1006 712 1093 usurpatum,
727 1020 765 1073 ut
779 1007 841 1072 alia
854 1005 996 1095 ejusdem
1010 1006 1259 1093 compositionis,

226 1105 324 1171 veluti
345 1109 499 1190 ὁμοπκηνέοο
517 1123 552 1175 et
571 1109 722 1190 συσκηνέα,
742 1123 776 1176 et
789 1125 923 1176 caetera:
947 1132 1144 1197 quamquam
1168 1108 1260 1174 diffe-

226 1223 302 1273 runt
316 1224 349 1274 et
368 1211 490 1276 ratione
512 1212 697 1279 differentia
709 1213 845 1298 ipsarum
860 1211 1116 1298 praepositionum
1140 1217 1206 1292 ὁμοῦ
1228 1225 1259 1273 ct

225 1309 287 1387 σὺν,
307 1323 340 1373 et
357 1311 577 1376 usuaccumte
593 1312 806 1399 loquentium.
850 1314 893 1376 Et
911 1311 1051 1399 primum
1072 1311 1203 1397 quidem
1226 1312 1258 1376 in

226 1414 292 1491 ὁμοῦ
312 1411 415 1498 major
430 1414 473 1477 est
494 1413 539 1478 vis
564 1414 808 1500 conjundiionis,
831 1415 874 1478 est
891 1413 988 1499 stmul
1011 1415 1143 1500 pariter,
1165 1414 1257 1478 codem

224 1510 283 1576 loco
301 1527 328 1577 et
343 1525 477 1601 tempore,
500 1516 657 1602 eademque
677 1516 799 1601 cauffo:
822 1517 883 1594 σὺν,
898 1541 975 1594 cunr,
993 1516 1080 1579 nude
1094 1516 1194 1580 habet
1205 1519 1258 1602 so·

224 1614 356 1678 cielatem
377 1615 510 1695 astionis,
536 1615 686 1704 pofflonis,
710 1616 775 1681 loci.
818 1619 905 1703 Ergo
928 1616 960 1680 in
982 1617 1032 1680 his
1051 1618 1156 1681 verbis
1178 1618 1258 1681 lianc

224 1712 435 1780 differentiam
459 1717 711 1782 observavimus:
743 1722 889 1799 ὁμοπαθεῖν
914 1717 1032 1782 dicitur
1059 1718 1100 1781 de
1125 1719 1255 1804 propin-

224 1817 296 1903 quis
315 1833 348 1881 et
366 1819 557 1905 conjundis,
572 1818 652 1884 illud
673 1819 770 1885 etiam
792 1819 832 1883 de
854 1820 985 1884 remotis
1006 1842 1044 1885 ac
1066 1819 1256 1906 disjunsiis:

225 1918 288 1983 hoc
311 1920 351 1983 de
372 1920 494 2000 multis,
517 1920 597 1985 illud
612 1921 711 1986 etiam
727 1921 770 1986 de
790 1921 918 2008 paucis:
942 1921 976 1984 in
994 1922 1056 1986 hoc
1074 1945 1140 1986 una
1157 1925 1200 1986 est
1215 1924 1257 1987 ris

224 2042 282 2105 per
303 2022 422 2086 multas
444 2045 494 2086 res
516 2021 628 2086 diffusa
649 2023 762 2109 easque
783 2022 997 2110 conjungens,
1021 2023 1054 2086 in
1074 2023 1132 2087 illo
1147 2025 1257 2088 multa·

224 2141 274 2185 res
288 2120 328 2185 ad
342 2145 439 2188 unam
454 2123 516 2187 vim
536 2124 696 2210 finemque
710 2124 944 2210 conspirantes:
969 2123 1001 2187 in
1021 2123 1084 2187 hoc
1100 2124 1256 2212 intelligi·

223 2238 277 2287 tur
294 2237 382 2287 certa
395 2224 497 2288 caussa
514 2237 620 2309 partes
635 2224 779 2311 jungens
798 2239 833 2289 et
854 2223 895 2288 ad
912 2224 1097 2288 consensum
1112 2247 1256 2303 movens,

224 2326 257 2390 in
280 2325 335 2391 illo
356 2327 486 2392 subinde
500 2327 548 2391 vel
562 2327 625 2392 fine
638 2342 725 2392 certa
739 2327 843 2391 caussa
862 2348 912 2390 res
933 2324 1030 2390 ctiam
1045 2327 1256 2390 remotiffimae

223 2440 338 2491 mutuo
353 2427 469 2492 affediu
481 2427 727 2514 continguntur,
741 2427 826 2492 unde
836 2427 1020 2515 sympathia
1032 2448 1154 2490 nomen
1177 2426 1256 2511 saepe

222 2550 281 2614 pro
296 2529 383 2593 inani
397 2528 557 2616 opinionis
572 2542 757 2595 commento
768 2528 917 2593 habitum
928 2529 982 2609 cst.
1005 2527 1157 2612 Denique
1170 2528 1257 2614 quod

222 2631 318 2695 estin
343 2617 522 2716 homoinrmia
549 2644 583 2696 et
599 2631 776 2716 ¹[irionymia
796 2630 974 2708 discrimen,
998 2628 1085 2692 idern
1109 2629 1186 2692 inest
1208 2629 1256 2693 his

221 2733 342 2797 verbis:
367 2737 526 2815 ὁμοπαθεῖν,
542 2746 580 2795 ut
594 2734 803 2817 homonymum,
818 2731 861 2794 est
876 2753 994 2795 nomen
1007 2731 1137 2816 generis
1151 2730 1254 2795 diver-

221 2837 268 2902 sas
284 2837 401 2899 formas
416 2833 611 2899 continentis
628 2850 661 2899 et
675 2857 741 2898 uno
757 2834 897 2899 notionis
913 2833 1113 2919 nominisque
1128 2834 1256 2898 vinculo

221 2937 469 3024 conjungentis:
493 2936 526 3000 in
549 2942 714 3017 συμπαθεῖν,
742 2948 780 3000 ut
806 2935 1005 3023 synonymia,
1029 2937 1104 3000 sunt
1127 2936 1255 3000 diversa

220 3043 332 3106 formae
347 3040 488 3127 ejusdem
506 3039 645 3127 generis,
660 3038 783 3104 diversis
806 3037 988 3102 nominibus
1010 3035 1193 3122 appellatae,
1215 3037 1256 3100 ad

219 3142 367 3206 eamdem
393 3140 521 3228 generis
543 3139 742 3227 nominisque
766 3139 1027 3205 communionem
1052 3139 1257 3204 contendeu-

219 3257 280 3308 tes.
929 3233 932 3240 ’

262 3362 315 3426 72.
334 3344 374 3408 C.
395 3346 489 3426 Ὑμεῖς
504 3346 524 3405 δ’
541 3342 617 3407 iniri
632 3346 764 3429 καλοὶ-]
793 3342 885 3407 iliad.
898 3343 942 3406 N.
961 3343 1032 3405 116.

263 3462 315 3527 72.
333 3446 371 3508 C.
394 3445 536 3531 Πάνδαρε,
550 3453 601 3509 ποῦ
614 3471 656 3509 πον
669 3445 801 3530 πόξον-]
829 3442 921 3509 Iliad.
937 3447 974 3508 E.
994 3462 1066 3525 171.

261 3563 314 3629 72.
331 3549 371 3611 C.
392 3550 430 3611 Ὁ
444 3549 465 3609 δ’
481 3548 597 3622 otum
610 3549 705 3633 mi-]
731 3546 892 3633 Euripidis
909 3545 1053 3611 Phoeuiss.
1072 3546 1168 3612 1682.

261 3667 314 3733 72.
327 3648 366 3712 C.
388 3651 426 3712 ‘0
438 3653 532 3712 πολλοὶ
546 3652 575 3726 δὴ
589 3651 714 3734 τλοὶς-]
743 3647 902 3734 Euripidis
917 3646 1053 3712 Hercul.
1064 3649 1140 3710 Fur.
1158 3664 1254 3733 1250.

216 3764 250 3816 et
265 3751 304 3814 sic
318 3748 415 3836 longe
430 3749 532 3837 major
546 3771 617 3836 pars
631 3750 793 3829 codicum,
814 3748 955 3835 exceptis
974 3749 1103 3814 Schott.
1117 3752 1254 3816 Jannot.

216 3855 295 3916 πολὺ
317 3856 400 3930 τλοὶς,
415 3867 449 3915 et
461 3855 500 3916 T.
515 3854 558 3918 V.
577 3852 739 3928 πολύτλας,
761 3874 927 3938 perperam
947 3875 986 3916 ex
1008 3851 1187 3916 Homerica
1205 3853 1254 3917 lc-

216 3953 321 4020 &ione
343 3976 362 4016 a
383 3953 517 4017 librariis
539 3953 698 4018 invedum
715 3953 821 4018 conset
835 3952 1066 4017 Valckenarius
1088 3952 1129 4015 ad
1155 3954 1254 4018 Phoe·

215 4056 283 4120 niss.
299 4056 407 4120 locum
424 4055 521 4120 modo
536 4071 694 4121 notatum.
733 4057 883 4122 Imitatus
905 4059 947 4122 est
967 4056 1157 4120 Plutarchus
1180 4057 1255 4121 An·

216 4158 305 4220 tonio
322 4178 354 4242 p.
371 4177 446 4243 944.
460 4158 515 4222 D:
538 4157 787 4245 συναρπαζομένους
804 4164 869 4247 ipris
885 4164 915 4223 ἐκ
931 4165 976 4234 τῆς
989 4161 1085 4223 πολλὰ
1098 4161 1127 4238 δὴ
1143 4159 1258 4238 τλάσης

214 4258 352 4332 Ἑλλάδος
368 4257 557 4346 tulissem-a
