2684 4762
372 341 427 401 DE
446 340 673 402 AUDIENDIS
694 339 840 401 POETIS.
861 359 890 416 p.
905 345 950 410 17.
963 339 994 397 F.
1145 344 1201 410 197

77 540 79 547 ·
160 501 296 568 aruinum
317 505 454 586 adverto,
470 518 505 571 et
521 504 633 575 omisso
652 505 767 568 διάνοιαν
789 504 917 589 simplex
940 501 1048 587 ἰφῖςημι
1067 498 1199 578 attendo,
1234 564 1238 571 ,

163 603 386 690 explicuerunt
404 605 544 671 Budaeus
567 606 755 670 Commeat.
775 607 815 669 L.
831 606 889 669 Gr.
910 626 943 689 p.
957 603 1033 686 478.
1050 603 1112 689 seq.
1152 600 1198 665 H.

163 704 319 791 Stephon.
342 705 436 772 Thes.
462 710 501 772 L.
524 709 582 772 Gr.
604 709 643 772 T.
660 709 687 771 Ι.
714 729 747 792 p.
763 708 837 791 763.
885 708 933 772 At
958 706 1088 773 omissus
1113 727 1197 790 prae-

164 805 262 872 sartis
276 805 341 872 loci
358 808 432 872 usus
446 808 578 887 activus,
593 808 723 895 aliquem
737 807 913 894 corstituore,
925 806 1028 893 ſsstere
1042 809 1085 870 ad
1099 818 1198 869 otten-

161 903 301 986 drndarn,
324 920 470 972 attentum
489 911 621 974 reddere.
661 910 714 975 Sic
737 908 926 974 Plutarchus
946 908 1009 972 hoc
1029 908 1095 994 ipso
1117 907 1199 972 libro

161 1024 196 1090 p·
213 1023 267 1091 27.
281 1009 331 1074 A:
360 1010 496 1097 eupator,
523 1009 580 1075 tirio
599 1040 655 1087 πως
678 1011 823 1092 ἐφιςᾶντας
844 1013 890 1074 τὸν
913 1009 966 1074 νέον
979 1008 1200 1095 -dssinguere

159 1106 307 1188 debenus,
331 1111 375 1173 ito
394 1114 602 1198 quodammodo
613 1115 760 1200 juvenem
781 1123 925 1176 attentum
947 1111 1109 1174 reddentes.
1146 1109 1197 1174 Si-

160 1209 236 1275 mile
258 1213 302 1275 est
324 1213 458 1278 Conviv.
480 1216 556 1301 Sap.
579 1237 613 1302 p.
632 1232 702 1299 157.
717 1216 772 1279 D:
797 1214 972 1291 ἐπιςῆσαντος
987 1214 1013 1274 δὲ
1026 1218 1062 1274 ri
1077 1211 1151 1295 λόγω
1165 1213 1197 1274 τὸ

157 1312 322 1394 συμπόσιον,
344 1340 434 1402 quum
446 1317 543 1402 sermo
565 1317 708 1381 convivas
729 1327 853 1379 attentos
874 1313 1054 1401 reddidfft.
1099 1315 1195 1401 Sym·

159 1414 226 1498 pos.
243 1417 302 1480 IV.
318 1418 453 1481 Prooem.
473 1441 505 1505 p.
521 1422 596 1483 660.
609 1420 663 1484 D:
688 1424 701 1480 ὁ
720 1418 888 1500 συμποτικὸς
909 1416 993 1500 λόγος
1013 1420 1060 1479 οὐκ
1083 1418 1115 1500 ἐᾷ
1134 1418 1194 1478 δια·

158 1523 289 1605 patritiae
312 1519 497 1584 παντάπασιν
521 1524 570 1585 ὑπὸ
595 1527 631 1584 τῦ
657 1520 713 1584 oiue
741 1520 792 1595 rte
818 1519 962 1597 ariuorras,
988 1521 1054 1581 ἀλλ’
1077 1517 1195 1600 ipis-nco.

157 1619 299 1687 Graoch.
322 1643 356 1708 p.
372 1624 445 1711 832.
461 1627 509 1688 E:
533 1629 600 1686 raro
622 1622 667 1701 noi
687 1621 737 1696 riu
755 1622 935 1710 θρασυτάτυς
954 1628 1007 1684 τῶν
1028 1620 1096 1708 oripi
1116 1622 1196 1684 αὐτὸν

156 1719 297 1798 inimare.
334 1723 485 1811 Polybius
502 1726 559 1788 lv.
572 1743 637 1808 34:
660 1731 714 1787 τῶν
732 1721 919 1811 nescierim
936 1723 1004 1795 τινὲς
1023 1722 1197 1798 iurgiorum

154 1823 189 1884 τὸ
201 1828 315 1899 πλῆθος
331 1823 376 1888 ini
387 1852 418 1888 τε
432 1830 483 1900 τὰς
499 1825 645 1909 Ἀντιγόνε
666 1824 712 1904 uui
728 1825 893 1888 Μακεδόνων
913 1823 1083 1911 εὐεργεσίας,
1105 1822 1150 1886 tot
1165 1825 1209 1886 rr

155 1928 208 1999 τὰς
227 1925 366 2013 Χαριξένε
388 1926 433 2007 ua)
455 1927 562 2010 Τιμαίε
585 1926 750 2005 cattas
772 1927 925 2015 senionem
944 1925 1066 2013 quidam
1083 1925 1197 2013 plebem

155 2038 306 2090 attentam
327 2029 522 2093 reddiderunt
543 2030 588 2093 od
607 2030 753 2116 Antigoni
770 2029 1027 2116 Macedonumque
1043 2028 1195 2115 beneficia,
1326 2063 1328 2066 ⁴

154 2139 185 2189 et
200 2127 245 2191 ad
262 2127 424 2193 charixeni
439 2130 603 2218 Timaeique
615 2130 773 2216 maleficta.
809 2129 868 2194 Vrs
886 2128 1026 2194 notionis
1047 2130 1089 2192 est
1111 2128 1193 2210 haec,

153 2225 359 2314 cogitationem
374 2244 476 2294 temere
489 2244 653 2319 vagantem
663 2230 766 2318 ſsstere
779 2243 808 2295 et
821 2231 960 2311 cohibere,
975 2241 1065 2318 atque
1077 2233 1120 2294 ad
1132 2231 1194 2298 oti-

154 2352 248 2416 qunm
262 2356 323 2394 rem
337 2333 576 2418 corfiderandom
588 2347 766 2399 oonvertere.

203 2448 254 2515 17.
270 2435 306 2497 F.
327 2439 461 2516 μιμητικὴ
484 2435 569 2520 τέχνη
595 2434 641 2513 καὶ
664 2437 774 2517 δύναμις
795 2434 954 2522 auricpopoq
975 2439 1008 2520 τῇ
1031 2434 1189 2524 ζωγραφίᾳ]

157 2534 364 2608 Imitationie‚
388 2548 553 2622 tamquam
581 2536 719 2624 generis,
747 2538 864 2601 tcrrnas
891 2536 951 2600 effe
978 2537 1136 2602 picturam
1160 2550 1195 2603 et

155 2636 279 2717 Poefin,
293 2636 374 2702 adeo
387 2652 421 2702 et
435 2640 604 2704 Veteribus
619 2655 652 2703 et
674 2638 836 2703 hodiernis
854 2641 897 2704 est
920 2638 1139 2720 decantatum,
1153 2653 1193 2708 ut

154 2737 300 2803 videatur
324 2741 454 2805 omnibus
476 2755 504 2806 et
528 2743 616 2830 lippis
641 2754 739 2806 notum
762 2755 790 2804 et
815 2741 974 2829 tonsoribus
997 2742 1060 2827 effi.
1107 2741 1193 2808 Illud

154 2863 221 2905 non
251 2844 578 2927 praetermittendum,
613 2843 795 2909 Plutarchei
823 2842 976 2929 praecepti
1005 2843 1128 2908 fontem
1158 2843 1192 2908 in

157 2942 366 3028 Peripatetico
394 2946 453 3010 effe
478 2946 621 3012 doctrina
649 2945 838 3023 Aristotelio,
863 2945 1081 3030 Theophrasti,
1110 2945 1190 3011 alio-

152 3064 249 3107 rum:
278 3066 416 3130 quorum
439 3069 538 3133 quum
562 3046 657 3111 multi
679 3047 797 3110 fuerint
819 3044 859 3110 de
882 3045 1009 3110 Poetica
1030 3063 1063 3110 et
1084 3047 1191 3110 Poetis

151 3143 238 3225 libri,
252 3169 340 3213 nunc
354 3171 437 3213 unus
453 3149 588 3235 superest
602 3147 778 3214 Aristotelis
797 3147 888 3226 liber,
906 3145 998 3232 cujus
1011 3145 1118 3231 capita
1131 3145 1189 3211 de·

152 3246 265 3335 inceps
281 3251 418 3315 II—VI.
443 3251 574 3317 poeseos
589 3273 664 3315 cum
681 3250 867 3314 Imitatione
879 3262 913 3312 et
927 3246 1053 3311 Pictura
1067 3270 1190 3334 cogna·
1238 3266 1244 3271 ·

152 3346 278 3414 tionem
300 3351 477 3437 attingunt.
518 3353 562 3417 Et
583 3351 740 3438 ἀντὶςςοφος
761 3372 800 3413 ex
822 3348 933 3414 eodem
957 3347 1047 3412 fonte
1071 3349 1190 3416 fluxiffe

151 3449 304 3515 credibile
326 3452 368 3515 est
390 3451 592 3517 Aristotelis:
624 3452 715 3537 cujus
738 3451 837 3517 exstat
858 3448 974 3515 illustre
994 3448 1189 3536 principium

149 3551 257 3636 operis
275 3551 318 3616 de
340 3553 526 3620 Rhetorica:
551 3557 591 3617 ‘fl
611 3553 750 3641 ‘Ptyrogrui
767 3557 824 3625 ‘is-,u
844 3552 1001 3641 ἀντίςςοφος
1023 3558 1056 3638 τῇ
1079 3559 1189 3619 Διαλι-

150 3658 244 3736 κτικῇ·
260 3653 348 3738 quod
360 3676 381 3718 a
393 3655 550 3721 Cicerone
564 3657 596 3722 in
612 3657 746 3720 Oratore
756 3673 810 3740 32·
825 3654 871 3719 ita
885 3654 1059 3734 redditum,
1070 3654 1188 3741 Aristo·

151 3752 222 3815 tales
245 3753 389 3841 principio
414 3758 500 3820 Artis
526 3755 691 3821 Rhetorica
714 3756 799 3834 dicit,
822 3754 908 3819 illam
931 3756 1016 3842 quryi
1035 3780 1072 3818 ex
1091 3755 1189 3821 altera

147 3866 237 3942 parte
263 3858 433 3943 respondere
457 3858 645 3938 Dialecticae,
664 3856 733 3944 jam
760 3859 794 3922 P.
811 3856 972 3923 Victorius
994 3858 1132 3936 monuit,
1154 3871 1189 3924 et

151 3954 216 4019 vim
239 3957 378 4022 nominis
394 3958 550 4046 ἀπίςροφος
569 3959 663 4026 docte
675 3958 850 4044 explicuit3
874 3958 965 4044 cujus
986 3958 1064 4023 item
1089 3958 1187 4023 ratio·

151 4080 227 4121 nem
251 4057 433 4124 habuerunt
454 4063 498 4126 G.
510 4061 652 4127 Budaeus
668 4061 853 4126 Comment.
875 4061 988 4123 (3121.
1012 4081 1045 4144 p.
1060 4061 1134 4145 629.
1154 4072 1188 4126 et

152 4161 199 4223 H.
216 4159 331 4245 Steph.
345 4160 438 4226 Thes.
451 4165 490 4227 L.
503 4164 561 4228 Gr.
576 4165 614 4234 T.
628 4164 690 4227 111.
712 4183 745 4248 p.
760 4162 856 4248 1089:
880 4160 965 4224 unde
980 4159 1097 4225 discere
1110 4174 1186 4249 pot-

149 4275 220 4329 erat
245 4262 405 4347 Krebsrus‚
426 4264 620 4354 Lyricorum
642 4265 801 4335 rationem
822 4279 887 4333 tres
910 4263 1058 4333 carminis
1080 4279 1188 4354 partes

646 4384 703 4452 ⁰3
