2684 4762
156 320 198 382 64
240 320 448 380 ANIMADV.
463 321 511 379 IN
526 321 599 380 LIB.
610 320 665 380 DE
676 320 850 382 EDUCAT.
866 319 1102 384 PUERORUM.

156 483 289 564 ψώμιθα.
332 484 403 548 Jam
426 483 491 569 ipsa
509 482 654 547 tradatio
668 496 705 547 ut
719 483 838 548 nullam
860 480 972 570 prodat
993 485 1039 549 rei
1061 507 1175 573 propo·

156 584 219 647 fitae
233 584 361 671 ejusque
383 598 503 649 naturae
521 584 750 671 cognitionem,
773 600 885 649 contra
900 583 1177 672 etiam,‘puerilern

155 684 387 771 ignorantiam:
411 700 448 750 ut
469 685 546 750 locis
565 686 799 764 communibus,
820 684 1026 765 sententiolis,
1044 686 1178 750 flosculis

154 785 298 868 oratoriis
324 787 452 851 aliunde
476 786 633 871 decerptis
655 786 873 850 contineatur:
907 800 944 850 ut
970 785 1177 872 philosophie

148 900 380 974 ,argumentum
402 889 539 953 alienum
566 910 585 950 a
610 887 723 973 puerili
748 901 841 951 aetate
869 885 1008 973 arripiat,
1039 886 1176 974 ejusdem

153 987 368 1054 laudationem
395 1012 524 1054 vacuam
550 989 589 1052 ab
614 988 703 1052 omni
728 988 866 1074 partium
889 986 1117 1074 significatione
1140 1011 1177 1053 ex

153 1088 261 1178 aliqua
285 1091 367 1155 sorte
394 1089 585 1177 protreptica
608 1088 758 1153 oratione.
777 1088 952 1174 susceptam
975 1089 1111 1153 reserat:
1143 1104 1177 1153 ut

153 1191 302 1255 Isocratei
324 1190 460 1275 exempli
481 1211 652 1276 exgenere
674 1194 823 1274 ὐποθπικῷ
847 1202 880 1253 et
900 1195 1084 1276 παραινετικῷ
1105 1189 1176 1252 imi·

154 1291 233 1355 tatio
251 1305 420 1376 appareat:
447 1289 630 1377 suprafatis
652 1289 855 1354 ostendimus.
898 1289 1047 1377 Denique
1068 1289 1176 1377 Epilo-

143 1403 216 1478 'gus
229 1391 329 1477 qualia
343 1393 406 1456 est?
433 1393 526 1457 Plane
541 1389 663 1455 videtur
676 1391 839 1456 continere
853 1387 991 1477 magistri
1005 1391 1175 1477 judicium,

152 1493 314 1578 scriptioni
328 1492 470 1579 discipuli
491 1490 715 1577 subscriptum:
738 1491 869 1556 omnino
883 1504 916 1555 et
931 1492 1044 1555 habitu
1056 1506 1089 1557 et
1103 1514 1177 1557 ora·

153 1594 241 1657 tione
263 1593 385 1658 accedit
410 1593 451 1656 ad
476 1594 611 1657 sormam
639 1592 808 1672 Plutarchi,-
835 1607 968 1681 excepto
994 1618 1060 1660 uno
1082 1598 1177 1660 verbo

152 1693 373 1781 συμπεριλαέἆν,
396 1695 427 1759 in
448 1717 513 1782 quo
533 1695 553 1757 sa
577 1717 641 1758 uon
662 1695 871 1774 offendamur,
891 1708 947 1759 aut
966 1695 985 1759 fi
1004 1695 1038 1759 id
1051 1697 1176 1762 adisci·

153 1795 231 1881 pulo
244 1794 424 1879 profectum
439 1796 609 1858 statuamus
618 1819 628 1873 3
652 1794 783 1858 minime
802 1817 821 1857 a
840 1795 1106 1862 verisimilitudine
1121 1799 1174 1861 ab·

152 1894 280 1960 horrere
303 1893 468 1970 videbitur,
493 1894 663 1980 Epilogum
685 1917 705 1957 a
730 1894 898 1958 Plutarcho
921 1887 1082 1982 adjedtum'
1105 1897 1175 1962 effe.

153 1997 265 2083 Itaque
279 1997 459 2082 exemplum
475 1995 570 2083 hujus
585 1995 698 2060 chreite
713 1996 794 2059 forte
810 1996 892 2061 inter
906 1998 1066 2064 Plutarchi
1081 2000 1176 2086 scrip·

154 2110 187 2160 ta
208 2099 353 2178 relatum,
378 2120 452 2162 cum
479 2098 577 2184 iisque
599 2098 656 2162 sub
683 2096 752 2185 ejus
777 2098 906 2184 nomine
931 2099 1100 2185 vulgatum
1124 2100 1174 2164 su«

33 2192 37 2197 ’
153 2197 225 2262 erit.

196 2300 297 2376 Itane,
313 2299 398 2361 dicat
411 2297 492 2383 quis,
510 2297 629 2360 nullam
644 2297 719 2361 huic
735 2297 841 2361 libello
856 2297 957 2361 laudis
970 2297 1176 2386 utilitatisque

152 2406 274 2481 partem
290 2397 461 2480 relinquis?
486 2399 562 2460 Non
585 2397 732 2481 equidem
754 2398 847 2482 plane
866 2397 1080 2484 abjiciendum
1100 2423 1176 2466 cen·

153 2494 250 2557 seam.
293 2497 330 2558 ln
352 2493 462 2579 spuriis
484 2494 570 2558 haud
591 2497 746 2580 postremo
765 2497 806 2559 est
828 2496 916 2560 loco:
940 2497 1053 2562 melior
1072 2512 1106 2563 et
1119 2521 1175 2563 an·

152 2594 271 2681 tiquior
295 2597 337 2660 est
366 2595 426 2659 illia
453 2596 503 2660 De
525 2595 714 2674 Nobilitate„
728 2597 777 2661 De
800 2596 932 2676 Fluviis,
956 2599 1177 2667 Paralleloram

156 2697 259 2762 Gran
274 2697 324 2775 R„
347 2697 588 2783 scriptiunculis.
632 2700 739 2761 Habet
760 2697 887 2761 laudem
909 2712 947 2763 ut
969 2695 1176 2766 adolescentis

152 2798 278 2862 chreia:
306 2799 402 2862 habet
422 2798 455 2861 in
476 2797 530 2862 illa
552 2798 701 2861 orationis
724 2797 941 2888 mediocritate
961 2821 998 2863 ac
1020 2800 1175 2868 doctrine

151 2896 279 2962 levitate
294 2906 399 2962 tamen
419 2897 558 2984 aliquam
577 2891 767 2983 cognitionis
787 2898 956 2962 utilitatem
970 2910 1003 2962 et
1018 2899 1174 2986 jucundi·

141 3011 264 3078 -tatem,
280 3000 373 3063 semel
391 2999 528 3085 legendo
542 2997 786 3083 percipiendam,
809 3021 873 3062 non
894 2999 1026 3085 repetita
1039 3001 1176 3068 lectione

152 3106 355 3183 crescentem,
372 3104 425 3190 qui
444 3105 487 3167 est
505 3104 627 3167 fructus
647 3125 871 3188 germanorum
895 3103 1055 3170 Plutarchi
1075 3109 1174 3173 libro·
1212 3148 1217 3157 ·

129 3232 224 3285 ,rum
247 3224 280 3276 et
300 3211 413 3298 optimi
436 3209 586 3297 cujusque
608 3211 795 3290 Veterum3‘
815 3210 866 3274 sed
888 3212 991 3298 magis
1011 3215 1175 3302 magisque

152 3312 383 3377 decrescentem
398 3311 484 3375 illam
498 3334 536 3376 ac
549 3309 758 3374 deficientem.
802 3313 943 3397 Legatur
956 3335 975 3376 a
996 3316 1174 3399 proveetio-

152 3412 249 3490 ribus,
272 3414 363 3498 ipsius
384 3411 595 3500 cognoscendi
611 3410 708 3475 libelli
723 3413 842 3492 caufl'a3
866 3435 929 3477 non
945 3413 985 3477 ad
1000 3436 1172 3501 argumen-

152 3523 222 3572 tum
245 3513 280 3571 dc
300 3513 482 3576 Educatione
505 3525 533 3575 et
553 3511 744 3596 Irstiturione,
766 3513 815 3576 vel
837 3534 876 3577 ex
897 3514 987 3599 ipsius
1009 3531 1124 3582 natura
1141 3535 1174 3583 et

150 3608 284 3688 ratione,
307 3611 417 3674 velex
442 3611 651 3695 Antiquitatis
672 3633 771 3691 more,
797 3612 1051 3699 intelligendum.
1095 3619 1172 3689 Non

150 3721 347 3799 proponatur
368 3709 533 3788 tironibus,
555 3723 592 3772 ut
613 3711 678 3774 fere
700 3711 746 3789 fit,
764 3711 813 3774 vel
827 3713 913 3796 quod
934 3714 1020 3778 recte
1034 3716 1105 3802 jam
1120 3739 1170 3782 re-

150 3812 318 3899 prehendit
341 3811 493 3877 Cellarius
516 3811 657 3877 Dissertt.
680 3812 781 3876 Acad.
803 3834 836 3899 p.
852 3815 925 3895 708.
941 3817 981 3880 ad
1000 3815 1169 3883 institutio-

150 3932 225 3980 nem
247 3914 345 4001 prosae
364 3912 513 3977 orationis
536 3916 667 3994 Graecae,
682 3914 730 3978 vel
750 3913 789 3977 ad
810 3911 1017 3981 formandum
1030 3920 1201 4008 antiqua·

149 4017 315 4106 elegantia
329 4018 462 4096 sensum,
478 4016 528 4080 vel
548 4015 682 4103 denique
700 4016 740 4080 ad
761 4017 906 4081 notitiam
920 4031 953 4081 et
965 4019 1169 4086 consuetudi·

149 4140 223 4183 nem
238 4141 313 4185 cum
329 4115 488 4184 Plutarchi
501 4116 621 4201 scriptis
633 4117 897 4187 contrahendam.
