2684 4762
164 337 226 396 180
304 333 342 393 D.
356 333 407 391 W.
427 330 637 397 ANIMADV.
657 329 704 390 IN
726 327 960 390 usurarum
984 327 1072 388 LIB.

203 496 258 561 60.
272 496 318 575 D,
332 497 369 559 Ε.
391 495 507 584 Ὶμὲςνος
530 500 543 558 ὁ
562 494 810 582 κόλαξ-Νέρωνα
828 496 912 569 Τῖτος
928 490 1127 581 Ππςόννος]
1160 488 1221 556 Hi·

160 597 279 663 merius
300 597 355 661 iste
377 619 442 662 non
464 596 594 661 aliunde
616 596 779 684 cognitus,
802 619 867 661 non
886 617 928 660 ex
947 592 1156 673 Comoedia,
1171 590 1223 659 sed

160 721 200 763 ex
213 698 295 764 libro
309 699 449 786 quodam
469 698 510 765 de
530 699 726 779 adulatione,
748 700 806 764 five
826 697 1059 783 Theophrasti,
1086 696 1153 762 sive
1175 693 1222 760 al·

159 799 259 865 terius
273 800 450 886 cujusdam,
468 803 590 866 sumtus
604 800 742 865 videtur.
778 799 872 865 'litus
892 797 1073 888 Petronius
1089 797 1147 861 rix
1159 796 1220 861 du·

159 901 253 966 bitari
269 901 360 988 poffit
373 903 450 988 quin
465 902 492 966 is
507 904 553 981 stt,
569 925 666 989 quem
686 902 726 966 C.
742 894 940 979 Petronium,
955 899 1114 965 Neronis
1128 898 1220 964 soda-

158 999 236 1081 lem,
256 1005 297 1067 ab
316 1026 419 1089 eoque
440 1007 522 1069 mori
539 1005 670 1092 jussum,
686 1005 794 1092 prodit
813 1005 946 1071 Tacitus
968 1003 1106 1069 Annal.
1122 1005 1219 1068 XVI.

161 1105 283 1190 18,19.
303 1128 322 1169 a
344 1106 446 1170 Plinio
466 1108 528 1171 Titi
547 1109 743 1193 prunomine
765 1122 996 1175 memoratum.
1043 1107 1219 1171 Eumrlem

159 1205 248 1270 fuisl'e
263 1209 443 1294 Satyricon,
458 1231 530 1293 quae
546 1209 723 1295 supersunt,
744 1209 920 1286 ausloaem,
935 1207 1143 1296 pervulgato
1156 1208 1219 1272 fuit

159 1301 290 1394 opinio:
308 1332 410 1396 -quam
433 1313 535 1374 nuslra
556 1311 695 1397 denique
713 1324 810 1376 aetate
830 1309 1016 1375 confutavit·
1034 1310 1219 1377 eruditiffi·

159 1432 232 1473 mus
248 1410 294 1473 vir
314 1411 359 1474 N.
376 1412 519 1496 Ignurru,
538 1413 705 1478 ostendeus
728 1413 912 1497 scriptorem
937 1410 1034 1475 illurn
1056 1412 1220 1478 extremis

159 1510 291 1575 demum
306 1511 547 1576 Antoninorum
563 1513 761 1600 temporibus
775 1512 880 1577 fuisse:
905 1513 938 1578 in
953 1513 1219 1580 Commentario

159 1610 200 1674 de
222 1611 363 1674 Palaestra
381 1611 786 1699 Neapolitana-Neapoli
809 1611 898 1677 edito
918 1612 964 1677 A.
987 1615 1095 1696 1764.
1121 1615 1219 1703 cujus

158 1711 283 1776 summa
304 1711 404 1776 relata
429 1714 472 1777 est
493 1712 702 1779 Bibliothecae
729 1713 814 1780 Crit.
839 1713 972 1779 Volurn.
996 1716 1046 1778 11.
1078 1717 1172 1782 Part.
1190 1720 1217 1782 I.

201 1923 255 1984 60.
270 1922 305 1983 F.
328 1924 515 2008 ὑσεςοκῑνκῶς]
543 1921 595 1986 Sic
618 1921 749 2007 quidem
774 1921 963 1986 Plutarchus
984 1922 1158 2010 Pompeio
1183 1945 1218 2012 p,

156 2023 233 2108 649.
249 2023 296 2087 B:
320 2024 374 2086 tt}
387 2029 538 2111 παρῆλθον
552 2027 736 2110 suspersam.
772 2022 836 2087 Sed
851 2021 904 2085 hic
919 2043 984 2085 non
1000 2038 1218 2104 contemtus,

157 2125 212 2189 sed
229 2125 358 2190 offenso
378 2138 413 2189 et
431 2125 564 2212 suspicio
586 2126 697 2204 subest,
719 2140 752 2189 et
773 2124 887 2198 ὑπόσῖονς
905 2122 1139 2193 desideratur:
1164 2127 1219 2193 sed

155 2230 305 2306 ν’νκοοὶνκός,
321 2240 354 2291 et
368 2231 523 2306 ὑσοπῖνκῶς,
538 2226 626 2314 quod
640 2227 766 2293 volebat
784 2225 992 2304 Meziriscus,
1010 2227 1219 2297 aue‘toritate

156 2345 255 2396 curet.
299 2331 488 2395 Plutarchus
513 2331 604 2417 Reip.
630 2332 707 2394 Ger.
733 2332 887 2414 Praecept.
909 2348 943 2413 p.
960 2324 1038 2414 813'.
1059 2330 1118 2395 B:
1151 2330 1219 2396 iras

156 2431 272 2506 ὑσόσῖσνς
292 2432 396 2519 ἔχωσιν
416 2439 440 2496 οἱ
460 2434 567 2496 πολλοὶ
586 2432 659 2519 πρός
674 2458 702 2495 rr
716 2437 857 2518 ονμᾶγμα.
894 2430 948 2494 De
965 2429 1104 2497 Vitiosa
1130 2431 1216 2499 Pud.

155 2554 189 2618 Ρ.
204 2536 281 2617 528.
305 2537 339 2597 F.
363 2542 414 2598 τοῦ
433 2537 499 2622 πρὸς
524 2536 570 2597 σὸν
594 2535 684 2618 ψόγον
708 2533 819 2610 sustris,
845 2542 937 2595 melus
958 2532 1216 2620 reprehensionis.

157 2636 267 2699 Habet
280 2637 367 2713 enim
384 2637 448 2700 sere
463 2636 629 2699 notionem
644 2635 800 2699 aelisam:
828 2634 998 2698 Cleomen.
1013 2654 1049 2719 p.
1067 2636 1155 2719 814.
1171 2641 1215 2704 P:

154 2740 210 2808 τοῖς
225 2737 375 2813 βασιλεῦσι
398 2734 505 2810 herlus
523 2735 569 2812 aui
581 2736 702 2822 διάφορος
723 2735 875 2818 γενόμενος.
911 2733 957 2799 ib.
974 2734 1051 2799 821.
1069 2739 1101 2802 F
1112 2763 1122 2802 ε
1149 2739 1217 2805 hoc

154 2837 236 2901 libro
250 2861 326 2902 mox
340 2859 373 2924 p.
386 2840 438 2901 61.
455 2841 492 2901 E.
525 2838 671 2926 Sympos.
683 2838 780 2902 VIII.
797 2859 831 2923 p.
846 2837 919 2920 728.
934 2837 977 2900 A.
1008 2837 1112 2926 Reip.
1131 2844 1215 2908 Ger.

155 2941 308 3027 Praecept.
330 2962 362 3027 Ρ.
377 2942 450 3004 800.
466 2941 507 3005 C.
529 2940 620 3028 &agios
634 2939 754 3017 ri'rurrlor,
768 2939 867 3003 bellua
876 2939 1049 3026 suspiciosa.
1083 2943 1214 3011 Solen.

154 3044 296 3108 Animal.
312 3065 344 3128 p.
357 3046 431 3129 976.
445 3045 490 3119 D,
502 3046 541 3108 Ε.
575 3045 627 3108 De
643 3042 747 3128 ὑποψίᾳ
762 3042 899 3106 diximus
914 3040 954 3105 ad
969 3062 1003 3126 p.
1014 3044 1073 3127 38.
1091 3046 1138 3111 C.

196 3167 229 3232 Ρ.
245 3148 298 3209 61.
312 3148 354 3209 Α.
380 3145 498 3226 κνησμός
521 3173 563 3220 τις
586 3149 616 3222 ἐξ
639 3148 720 3231 ὀργῆς
742 3142 788 3222 κο)
812 3143 987 3228 ζηλοτυπίας]
1020 3151 1147 3229 κνισμὸς
1170 3153 1212 3216 E.

152 3250 239 3315 Voss.
258 3250 348 3313 Harl.
367 3270 394 3312 1.
415 3249 517 3313 Mose.
535 3268 564 3311 1.
589 3270 608 3310 a
627 3247 823 3310 correctore:
847 3260 1022 3330 utrumque
1044 3245 1114 3312 hac
1138 3266 1211 3315 tra·

153 3351 218 3416 lata
234 3353 364 3416 notione
378 3352 539 3427 usitatum,
553 3361 591 3413 ut
606 3348 683 3413 item
698 3349 792 3411 verba
808 3348 882 3410 κνᾶνο
896 3360 929 3411 et
944 3346 1038 3428 κνίζον.
1070 3350 1213 3417 Plutar.

151 3453 233 3515 chus
249 3456 299 3516 De
312 3452 425 3514 Vilius.
442 3451 520 3515 l’ud.
535 3473 567 3536 p.
581 3464 656 3535 535.
672 3452 715 3513 F:
740 3452 789 3513 ὑπὸ
804 3456 924 3530 κνησμοῦ
937 3449 958 3534 'i
973 3463 1212 3536 γαργαλισμοῦ.

149 3558 203 3622 De
219 3557 274 3619 Sul
292 3555 399 3619 Luude
421 3578 453 3641 p.
469 3558 545 3640 546.
563 3555 610 3618 C:
634 3556 665 3616 ri
684 3552 1029 3636 φιλότιμον-δακνόμενον
1048 3556 1102 3616 καὶ
1124 3585 1209 3645 γαμ-

149 3661 331 3746 γαλνξόμενον
350 3661 401 3722 οἷον
422 3660 471 3721 ὑπὸ
491 3664 622 3738 κνησμοῦ.
659 3657 712 3719 De
735 3656 837 3718 Sanit.
854 3654 979 3718 Tuend.
1002 3673 1036 3738 Ρ.
1055 3660 1137 3722 126.
1154 3661 1207 3725 B:

148 3759 239 3848 ὥσπερ
253 3766 290 3824 τοὶ
304 3763 462 3848 ψωριῶντα,
483 3767 609 3841 κνησμῶν
628 3757 669 3821 ἀεὶ
688 3760 781 3836 laisla(
799 3755 845 3835 uui
858 3764 1082 3842 γαργαλισμῶν.
1126 3761 1208 3826 Ad.

148 3867 225 3929 vers.
243 3862 369 3949 Epicur.
393 3884 426 3947 Ρ.
444 3881 537 3946 1094.
553 3863 603 3926 A:
628 3865 717 3923 ἐκεῖνον
731 3861 757 3922 li
772 3868 844 3923 συῶν
867 3857 913 3936 xri
933 3858 1209 3946 τμᾶγοννκνησμοῖς

149 3965 228 4030 ἔοικε.
266 3964 413 4053 Syrnpos.
433 3965 492 4026 VI.
520 3985 552 4048 p.
570 3965 645 4026 688.
662 3964 700 4028 Β.
726 3963 766 4026 de
791 3960 963 4025 stomacho.
1008 3961 1148 4048 Quibus
1171 3967 1208 4034 in

147 4068 227 4132 locis
248 4070 314 4130 fere
336 4067 454 4147 κνησμὶς
471 4063 626 4151 ejusmodi
649 4061 869 4147 metaphoram
892 4059 1002 4137 habet,
1019 4083 1098 4146 quae
1121 4087 1207 4152 pro.

148 4171 220 4256 pius
241 4170 281 4233 ad
302 4169 467 4232 notionem
488 4164 650 4252 propriam
666 4162 838 4251 pruriginis
851 4160 995 4239 accedit3
1020 4167 1206 4248 praeferam

147 4272 211 4337 hoc
235 4271 309 4336 loco
329 4272 453 4352 κνισμὸς,
477 4267 620 4357 quamvis
638 4265 726 4353 apud
750 4263 957 4329 Plutarchum
970 4263 1048 4331 alibi
1069 4289 1130 4336 me
1150 4271 1204 4339 le·
