2684 4762
157 301 219 355 κιο
301 291 341 350 n.
353 293 404 375 w.=
424 291 634 353 aurdanu
653 293 701 351 rn
722 291 954 355 inmanem
974 295 1048 353 nra.

158 455 192 520 in
214 455 344 520 censura
367 455 507 544 Longini
531 455 953 543 Toupianisea.xxxl1.
994 454 1185 545 Bibliotliec.

159 557 242 624 Crit.
257 558 332 622 Vol.
345 559 372 621 Ι.
388 561 471 623 Part.
486 559 549 623 III.
562 580 595 645 p.
606 580 668 644 49:
692 556 808 645 quibus
827 558 984 623 addantur
1000 558 1061 622 alia
1078 581 1187 622 exem-

157 661 231 748 pla:
257 660 417 727 Plutarchi
432 660 472 725 de
487 664 564 747 Rep.
583 659 731 725 Gerenda
748 682 781 747 p.
793 662 868 744 807.
883 660 923 724 C.
961 658 1134 724 Coriolano
1156 682 1187 745 p.

158 783 233 831 221.
249 763 297 829 Ct
320 762 456 828 Maximi
477 761 564 851 Tyrii
585 762 712 829 Differt.
727 763 805 829 VII.
824 763 865 828 8:
888 761 1009 827 AEliani
1028 783 1081 851 ap.
1097 760 1188 826 Suid.

156 888 234 932 voce
247 863 402 946 Ῥιοιίζεται.

200 969 252 1035 26.
262 970 300 1033 Β.
323 972 346 1030 οἱ
359 970 407 1046 τὴν
421 965 573 1043 Πλάτωνος
592 965 793 1051 ἇοιομιμιίμενοι
806 964 972 1055 κυρτότητα,
988 964 1034 1046 noi
1046 969 1093 1044 τὴν
1106 969 1188 1055 Ἀοι-

157 1069 273 1146 ςοτίλιις
293 1070 524 1157 τραυλότητα-]
553 1074 589 1135 ln
609 1071 722 1136 eodem
742 1086 932 1159 argumento
947 1072 1084 1135 versatur
1099 1070 1189 1135 Plut-

156 1171 271 1239 archus
285 1171 326 1237 dc
340 1171 488 1237 Discrim.
504 1172 611 1237 Amici
633 1187 666 1237 et
687 1166 820 1238 Adulat.
842 1196 872 1259 p.
888 1189 942 1259 53.
959 1173 1005 1236 C:
1030 1171 1076 1255 aa)
1097 1172 1189 1236 Πλά-

155 1300 236 1348 τωνος
256 1271 443 1356 ἀπομιμὸὢαί
464 1291 532 1355 φασι
553 1272 602 1347 τίς
629 1273 749 1351 συνήθεις
770 1268 802 1337 οδ
829 1274 978 1360 ἐπίκυρτον,
999 1273 1192 1363 Ἀςιςοτὲλοος

156 1376 249 1441 liris
264 1374 489 1463 τοαολισμίν-.
524 1374 699 1469 Aristotelis
717 1375 892 1440 balbutiem
915 1376 1010 1440 verbo
1031 1390 1198 1461 memorat

155 1476 321 1563 Diogenes
335 1478 441 1540 Laert.
457 1477 499 1539 V.
518 1497 547 1540 1.
570 1476 625 1540 ubi
638 1474 730 1563 plura
742 1477 845 1541 adfert
860 1476 1045 1566 Menagius.

201 1579 253 1659 2ῤ.
269 1578 307 1641 Β.
339 1573 431 1665 ὥσπερ
452 1580 502 1640 rial
524 1576 729 1660 δεισιδαιμονίας
751 1582 777 1641 ἐν
800 1584 859 1665 ἱερῷ
880 1579 988 1667 φρίτίειν
1008 1576 1120 1642 ἅπαντα
1144 1563 1191 1657 καί

155 1678 367 1767 οςοσκυνᾶμ]
391 1678 486 1742 Juvat
499 1699 668 1764 apponere,
685 1676 772 1764 quod
786 1693 819 1743 et
835 1676 979 1745 Krebfius
994 1679 1083 1759 feeit,
1097 1703 1191 1744 conr·

158 1780 331 1870 parationis
345 1780 529 1867 exemplum
544 1805 562 1845 e
578 1781 736 1847 Plutarchi
751 1781 832 1847 libro
850 1782 890 1846 de
910 1783 1137 1868 superstitione
1156 1805 1192 1870 p.

160 1888 232 1951 166.
246 1888 275 1951 E
287 1910 295 1948 t
320 1883 366 1958 nai
379 1887 521 1968 πολεμίοις
535 1886 689 1975 φεύγοντα,
709 1886 741 1949 oli
756 1888 925 1972 ἀγάλματος
940 1885 1080 1965 adduam
1094 1887 1109 1964 ἢ
1124 1893 1192 1965 vati,

157 1992 300 2075 δαρῤἓσιν·
325 1992 339 2048 ὁ
359 1988 385 2050 δὲ
405 1986 573 2068 δεισιδαίμων
594 1994 686 2051 ταῦτα
705 1987 817 2070 phaace
835 1988 927 2075 pplrla
947 1986 992 2067 κα)
1007 1985 1126 2070 acirim
1146 1973 1195 2065 aa)

157 2091 281 2169 δέδοικεν,
296 2096 321 2157 ἐν
335 2091 371 2165 οἷς
391 2096 415 2154 οἶ
432 2089 575 2173 preriperet
591 2096 630 2155 τοὶ
649 2091 788 2155 δανίτατα
800 2097 851 2166 τοὶς
865 2093 975 2167 ἐλπίδας
991 2091 1087 2177 ἔχεσι.
1112 2092 1192 2155 Pcr-

143 2191 243 2279 fimdi
254 2195 344 2277 suere
358 2192 485 2271 horrore,
499 2191 619 2278 φοίτίειν,
638 2207 672 2257 et
692 2194 793 2256 horror
813 2192 974 2280 hrp'njinodi
993 2194 1086 2281 φρίκη,
1107 2194 1193 2280 saepc

154 2294 271 2359 dicitur
292 2308 325 2358 et
344 2295 384 2358 ab
403 2293 472 2357 aliis
492 2308 558 2357 eta
575 2292 755 2372 Plutarcho,
771 2295 827 2381 qui
847 2296 880 2359 in
901 2294 1011 2382 primis
1025 2297 1057 2359 in
1072 2319 1113 2360 eo
1130 2296 1191 2361 de·

155 2395 320 2481 scribendo
334 2394 525 2459 evidentiam
540 2394 688 2481 imaginis
702 2395 743 2460 ad
757 2397 951 2462 movendum
964 2395 1101 2485 legentis
1116 2396 1191 2462 ani-

155 2523 247 2565 mum
268 2498 383 2562 habete
407 2496 504 2561 veluti
526 2496 558 2561 in
581 2496 670 2562 laetu
686 2496 726 2562 de
741 2497 895 2584 supplicio
915 2498 1058 2584 Virginis
1076 2501 1192 2564 Vesta·

153 2601 206 2680 lis,
225 2601 257 2663 in
280 2601 391 2663 Numa
409 2621 441 2684 p.
456 2603 509 2682 67.
524 2601 564 2664 B.
587 2599 620 2663 in
642 2599 732 2664 studii
753 2599 963 2688 pbilosopbiae
982 2601 1091 2686 initiis,
1111 2627 1192 2670 mox

154 2723 188 2789 p.
203 2705 258 2788 36.
274 2704 313 2766 Ε.
333 2716 385 2783 77.
400 2702 450 2764 D:
475 2701 612 2765 insensu
633 2700 714 2788 ejus,
730 2702 784 2787 qui
799 2702 951 2788 mysteriis
972 2704 1192 2788 consecratur,

155 2805 242 2890 Opp.
258 2804 347 2866 Mor.
363 2823 396 2889 p.
406 2818 461 2885 47.
476 2802 519 2880 A,
531 2802 570 2880 Β,
584 2803 625 2866 C.
648 2803 700 2867 81.
715 2804 760 2873 D.
795 2806 922 2890 Fragm.
938 2802 979 2869 de
991 2805 1113 2869 Anima
1129 2806 1192 2873 ad-

154 2904 223 2970 dito
243 2903 284 2969 ad
302 2903 417 2968 librum
432 2902 473 2967 de
487 2905 563 2969 Sera
579 2906 681 2968 Num.
696 2903 794 2970 Vind.
809 2927 842 2991 p.
858 2907 931 2991 136,
949 2923 1020 2991 137.
1057 2906 1121 2971 Sed
1136 2908 1192 2972 di·

153 3007 258 3071 versus
272 3005 315 3069 est
328 3004 459 3069 affectus
473 3003 661 3089 δεισιδαίμονος
675 3005 828 3090 praesente
848 3005 920 3070 loco
938 3021 971 3071 et
986 3006 1042 3072 illo
1057 3002 1088 3071 in
1105 3010 1193 3077 libro

153 3107 194 3172 de
209 3105 456 3193 superstitione:
480 3104 534 3170 bie
555 3106 597 3170 eli
614 3105 806 3192 conjunttus
828 3107 924 3173 timor
944 3131 1019 3173 cum
1040 3109 1105 3197 spe,
1122 3111 1192 3179 illie

152 3232 227 3274 cum
243 3207 469 3294 desperatione.

196 3312 248 3373 26.
260 3311 298 3373 B.
322 3309 510 3393 ἐιτιοωνοῑν-]
530 3307 706 3371 Aeclamarc
717 3309 758 3373 est
773 3308 985 3391 audientium,
1000 3312 1055 3398 qui
1069 3334 1192 3400 appro-

152 3410 315 3477 bationem
331 3407 555 3496 judiciumque
576 3408 668 3472 suurn
689 3408 808 3474 dicenti
830 3410 1033 3498 facientiqne,
1052 3414 1193 3481 omuino

152 3510 265 3589 aaron,
288 3510 478 3597 fignifieant:
505 3525 539 3575 et
557 3534 643 3576 nunc
660 3511 789 3598 quidem
809 3513 841 3578 in
863 3515 973 3600 primis
996 3515 1133 3581 refertur
1146 3515 1192 3584 ad

151 3615 396 3683 acclamationes
424 3616 456 3680 in
486 3615 613 3708 scholis,
640 3618 890 3698 recitationibus,
913 3620 1091 3701 auditoriis,
1121 3623 1191 3688 fieri

150 3721 258 3789 solitas
273 3745 281 3782 ε
306 3732 342 3782 ut
358 3720 388 3782 in
404 3718 485 3783 libro
499 3718 539 3782 de
557 3719 732 3785 Auditione
752 3745 784 3808 p.
798 3725 852 3803 46.
866 3725 909 3787 A.
924 3723 1032 3788 -ὅταν
1045 3726 1190 3814 φιλοσόφῳ

149 3822 200 3905 μὲν
215 3824 365 3903 ἐπιφωνῶσι
378 3817 515 3906 Agneion,
531 3817 637 3906 γέςοντι
657 3821 683 3882 δὲ
706 3824 871 3903 Εὐφοῶς-·
895 3822 979 3887 etin
999 3822 1054 3887 lllo
1067 3823 1110 3887 de
1129 3824 1189 3890 Sul

148 3920 260 3990 Laude
275 3941 307 4006 p.
319 3936 395 4004 543.
410 3922 449 3983 E.
471 3925 494 3982 οί
509 3921 535 3982 δὲ
550 3922 680 4007 &reginei
695 3920 805 4003 σοφιςαδ
817 3925 848 3986 τὸ
864 3921 952 3999 Θείοος
968 3923 1014 4004 καί
1026 3927 1058 3988 ri
1072 3934 1188 4008 Δαιμο-

148 4026 207 4101 νίιος
222 4022 268 4104 καὶ
281 4025 312 4086 ri
326 4021 471 4109 Μεγοίλιος
490 4026 515 4084 ἓν
528 4027 589 4096 ταῖς
603 4021 742 4101 ἐπιδείξεσι
759 4026 988 4112 προσδεχόμενοι,
1010 4027 1056 4103 καί
1068 4031 1101 4092 τὸ
1119 4036 1188 4095 Mr-

148 4127 228 4215 tgr'u5
249 4125 295 4206 troi
315 4127 346 4187 τδ
366 4124 552 4211 Ἀνθρανκίνιος
574 4126 835 4217 προσαπολλύουσι.
880 4130 970 4215 Ileip.
995 4132 1071 4195 Ger.
1100 4134 1186 4196 Prae-

148 4240 236 4317 cept.
259 4248 292 4313 p.
309 4227 383 4312 803.
404 4227 440 4294 F.
477 4228 595 4292 Praeter
616 4226 656 4293 Is.
673 4227 897 4325 Calaubonum
918 4230 960 4297 ad
977 4231 1188 4320 Theophrasti
