2684 4762
230 355 283 425 DE
296 356 476 417 DISCERN.
490 357 612 424 ADUL.
625 357 676 416 AB
689 354 831 415 AMICO.
845 355 927 431 p.67.
939 353 970 412 F.
1041 357 1097 419 517

75 514 200 588 σλεέςιοι
215 516 309 598 φίλων,
324 518 353 594 ἣν
369 522 399 582 ἐκ
412 527 465 592 τοῦ
474 521 578 602 ξενίζειν
593 545 624 582 τε
638 520 684 582 καὶ
699 522 773 600 μυεῖν
788 518 833 579 καὶ
849 515 988 578 ἐσοιιέεῦοιν
1000 540 1094 597 τραγ·
1157 596 1161 604 ¹

73 617 257 696 ματεύοιταρι
281 619 366 704 quod
382 620 529 705 spectavit
548 620 733 684 Plutarchus
748 619 779 682 in
794 617 899 681 Dione
922 638 954 702 p.
969 616 1046 701 981.
1058 618 1095 678 E.

75 717 129 784 Sic
143 718 293 784 Aristides
306 723 348 784 T.
362 723 405 784 ll.
422 738 454 806 p.
468 723 550 805 360:
574 720 657 802 ὄνομα
671 720 845 806 ἐμφερόμενον
860 714 904 794 κοῦ
918 714 1095 802 περιτρέχον,

51 835 56 842 ’
72 841 174 881 nomen
184 820 337 905 jactatum
356 834 389 884 ct
403 820 629 907 pervulgatum.
653 821 699 883 At
713 820 745 882 in
761 817 897 901 Eutropii
913 815 1047 880 Libanio
1061 838 1095 898 p.

77 935 155 1001 133:
180 915 225 998 nori
238 925 253 995 ἡ
267 918 407 999 κομψότης
426 918 588 1006 περιτρέχει
609 924 762 1003 πανταχοῦ
784 914 956 996 διακονεμένη
976 918 1029 988 τοῖς
1044 913 1095 976 λό·

73 1039 143 1099 γοις·
168 1017 338 1105 legendum
359 1018 494 1106 ἐπιτρέχει
514 1042 552 1084 ex
566 1017 777 1083 animadversa
791 1017 887 1094 modo
901 1017 996 1102 hujus
1010 1016 1096 1080 verbi

74 1120 238 1202 potestate.
271 1121 426 1207 Quaedam
440 1122 602 1186 annotavit
617 1124 662 1186 H.
680 1121 860 1206 Stephanus
874 1117 965 1184 Thes.
981 1119 1020 1181 L.
1036 1119 1094 1181 Gr.

71 1218 111 1283 Τ.
127 1219 188 1282 lll.
211 1241 242 1303 p.
259 1222 350 1304 1663.

116 1320 168 1400 67.
183 1320 217 1383 F.
241 1325 253 1382 ὁ
265 1321 316 1401 μέι
329 1321 624 1404 ψάλτης-ἐπεςόμισε
638 1324 683 1385 τὸν
697 1321 889 1405 Φίλιππον-3
914 1319 1095 1405 Philippum

72 1418 247 1484 Alexandri
263 1421 313 1483 M.
335 1435 477 1506 patrem:
503 1422 586 1486 idem
601 1423 697 1486 refert
719 1421 905 1486 Plutarchus
924 1420 1094 1506 Apophth.

71 1541 106 1605 p.
124 1536 196 1604 179.
210 1521 248 1583 B.
278 1521 329 1584 De
344 1524 429 1589 Fert.
443 1522 536 1585 Alex.
552 1545 583 1609 p.
593 1542 668 1608 334.
682 1525 725 1587 D.
754 1522 899 1609 Sympos.
917 1522 961 1585 ΙΙ.
977 1543 1009 1606 p.
1021 1521 1095 1605 634.

72 1623 117 1686 D.
153 1621 278 1707 Quibus
299 1623 449 1687 omnibus
470 1623 548 1687 locis
568 1626 611 1686 ira
629 1632 720 1687 ταῦτα
735 1628 798 1706 ἐμοῦ
812 1625 920 1703 βέλτιον
933 1626 998 1709 εἰδῇς
1014 1622 1096 1708 poli-

72 1738 145 1788 tum
160 1726 201 1789 est
215 1746 273 1809 pro
285 1723 336 1797 (ῦς-ε
350 1724 459 1804 βέλτιόν
473 1752 504 1788 σο
522 1734 613 1788 ταῦτα
632 1725 722 1805 ellim:
736 1729 812 1806 ἐμοῦ,
828 1725 884 1789 ulu
899 1724 1004 1787 minus
1019 1746 1095 1809 pros

72 1823 138 1889 bo:
162 1824 314 1908 siquidem
335 1825 379 1888 ἵνα
397 1827 473 1909 εἰδῇς,
497 1837 530 1888 ut
541 1826 636 1909 scias,
657 1838 748 1888 notat
764 1824 939 1911 propoſstum
956 1835 985 1886 ct
1006 1824 1095 1907 corfi-

72 1923 157 2001 It'um,
180 1921 232 1995 ῦςε
253 1923 344 2001 ellim
363 1925 494 2010 gffiHum
513 1935 703 2010 eventumque
721 1923 872 2008 fignificat
892 1922 950 1986 usu
968 1920 1097 2007 quidem

73 2026 186 2111 probo.
220 2027 303 2089 Sunt
328 2041 433 2089 tamen
457 2048 566 2111 pauca:
592 2026 737 2113 quaedam
761 2024 920 2090 Plutarchi
944 2025 1097 2090 dictiones

72 2128 184 2191 formae
200 2127 284 2191 illius
297 2128 403 2191 minus
418 2130 535 2214 probae.
573 2131 659 2193 Fort.
679 2129 772 2192 Alex.
795 2152 826 2214 p.
837 2148 911 2213 333.
927 2129 978 2191 A:
1001 2128 1031 2190 τί
1048 2155 1096 2211 μοι

72 2226 188 2291 πάντοτε
209 2235 312 2290 τοιοῦτο
335 2227 478 2312 σννέγνιος,
500 2229 544 2291 ἵνα
564 2228 702 2302 τοιαύταις
726 2256 761 2310 με
783 2228 951 2314 κολακεύσῃς
972 2231 1095 2309 ἦδοναῖς3

73 2349 133 2415 pro
147 2326 199 2401 ὥςε
219 2355 255 2409 με
275 2336 461 2408 κολακεῦσαι
485 2329 560 2416 quid
580 2330 611 2391 in
631 2353 674 2392 me
694 2328 848 2416 cognovisti
868 2328 927 2392 talc
946 2341 979 2393 ut
994 2330 1095 2417 hujus·

72 2428 150 2497 modi
163 2429 365 2515 voluptatibus
379 2431 451 2493 mihi
469 2431 647 2494 adulareris.
670 2430 752 2493 Adv.
770 2431 876 2494 Colot.
893 2452 924 2515 p.
940 2451 1031 2515 1115.
1046 2432 1094 2496 A:

73 2537 132 2593 οιοῦ
146 2535 203 2615 γὰρ
216 2536 263 2605 τῆς
276 2532 389 2608 &esurire
403 2532 434 2593 τὸ
452 2529 558 2610 βιῦλίον
577 2530 703 2619 ἔγραφεν,
718 2532 839 2612 ἵνα-μὴ
853 2535 907 2604 τοῖς
923 2531 1007 2595 ἐκείνοι
1028 2557 1094 2595 συν-

40 2630 219 2715 μίγμασιν
233 2629 365 2716 ἐντῦχγς3
387 2651 444 2715 pro
462 2628 514 2704 οῦς-ι
528 2657 560 2693 σε
572 2637 610 2713 μὴ
625 2636 805 2717 ἐντυχεῖν-1
829 2656 889 2718 qua
909 2645 994 2718 parte
1008 2644 1097 2695 terra

73 2731 278 2804 inhabitabilis
299 2731 417 2819 scrifft
442 2731 550 2796 librum
567 2734 669 2819 suum,
690 2747 725 2796 ut
750 2745 781 2797 tu
803 2758 866 2796 eum
888 2735 974 2797 nauci
989 2736 1014 2797 'ci
1038 2759 1097 2799 non

72 2835 172 2920 poffes.
208 2830 319 2897 Simile
341 2832 384 2894 est
408 2832 651 2918 Apophthegm.
677 2854 709 2917 p.
727 2834 797 2917 183.
814 2833 863 2896 A:
887 2831 1028 2915 πείθοιμεν
1048 2838 1096 2912 τὴν

72 2933 261 3010 Τελεσίππαν,
283 2931 327 3019 ἵνα
344 2930 484 3017 puppe&
499 2939 583 3013 ἡμῶν,
602 2955 659 3017 pro
676 2934 773 3015 με’νειν,
790 2934 1018 3021 persuadeamus
1036 2934 1094 2995 Te-

73 3033 201 3121 Icstppae,
215 3045 249 3096 ut
263 3031 404 3116 nolijeum
419 3043 553 3094 maneat:
576 3033 637 3096 srue
658 3033 701 3096 ἵνα
717 3033 795 3118 μένῃ,
810 3044 867 3096 aut
888 3030 984 3113 μένειν,
1009 3031 1094 3097 idem

73 3131 192 3196 :licitur
213 3132 246 3195 in
267 3131 335 3195 Vit.
360 3129 531 3194 Alexandri
557 3153 590 3217 p.
606 3132 678 3218 689.
693 3133 731 3196 B.
756 3130 804 3217 ῦρα
826 3131 852 3194 δὲ
874 3129 947 3211 ὅιιννςΙ
961 3131 1094 3214 πείθωμεν

71 3232 87 3312 ἢ
106 3234 195 3320 δώροις
217 3231 232 3309 l
254 3231 346 3316 λέγοις
368 3236 414 3308 τὴν
432 3231 661 3296 Τελεσίππαν-.
698 3233 855 3318 Frequens
877 3232 909 3296 in
931 3234 975 3296 N.
992 3234 1030 3297 T.
1053 3233 1093 3299 de

70 3356 137 3421 quo
158 3335 217 3397 usu
237 3332 379 3396 videatur
394 3333 439 3394 H.
456 3333 698 3418 Hoogeveeuius
712 3333 825 3397 Doclr.
842 3332 954 3396 Partic.
971 3355 1002 3417 p.
1016 3353 1091 3417 524.

71 3448 105 3498 et
124 3456 204 3521 quos
226 3433 304 3496 citat
325 3435 355 3496 J.
375 3433 414 3495 C.
429 3432 546 3496 Biellus
560 3434 664 3497 Novo.
679 3433 829 3498 Thesaur.
845 3433 1001 3520 Philolog.
1015 3456 1092 3505 voce

61 3535 137 3600 Ἵνα.
175 3537 321 3601 Utuntur
341 3550 447 3599 tamen
469 3536 630 3600 interdurn
645 3535 818 3621 Scriptores
839 3536 1005 3623 elegantiae
1028 3539 1091 3603 llu-

70 3635 158 3700 diosr.
195 3635 287 3700 Teles
314 3656 366 3720 ap.
388 3635 477 3699 Stob.
502 3638 603 3699 Serm.
625 3636 728 3700 XCV.
755 3658 788 3721 p.
803 3657 888 3720 524:
917 3637 961 3700 ha
981 3637 1092 3722 γένηταρ

69 3737 138 3809 Ζεὺς
164 3735 334 3816 ἐπιθυμήσει,
363 3735 456 3822 cupiet
480 3735 557 3820 ficri
583 3736 710 3823 Jupiter.
757 3736 908 3803 Libauius
931 3739 1089 3819 ‚Declarn

10 3908 12 3922 ³
69 3836 179 3908 XVII.
202 3857 236 3922 p.
253 3853 328 3918 472.
347 3836 397 3899 A:
431 3834 496 3909 ε’ῦοὶς
521 3841 575 3908 ἐςιι
599 3836 700 3914 οἰκέτης
725 3840 843 3922 πονηρὸς,
871 3839 916 3901 ἵνα
940 3845 1020 3926 κριθῇ
1043 3840 1090 3915 τῆς

68 3936 234 4001 Μακεδόνων
246 3935 353 4010 leheim:
366 3934 448 4013 ἄξιος·
473 3959 530 4022 pro
543 3934 595 4009 ὅτε
616 3936 759 4023 spinellos:
783 3962 861 4001 nemo
871 3940 981 4024 servus
996 3940 1038 4002 ita
1053 3939 1092 4023 est

68 4038 226 4124 improbus,
255 4049 289 4099 ut
318 4037 427 4124 dignus
451 4038 614 4126 judicetur,
642 4040 693 4125 qui
720 4039 931 4104 Macedonibus
956 4041 1088 4126 serviat.

69 4141 160 4204 leon
194 4137 412 4224 Philosophus,
447 4139 625 4225 Antholog'.
655 4140 851 4227 Epigramrn.
879 4144 904 4204 l.
932 4162 960 4205 1.
989 4165 1021 4227 p.
1045 4163 1085 4227 3:

70 4239 140 4316 βίτέ
162 4239 313 4325 κασιγνήτῃ
339 4240 481 4328 κρατεροὺς
504 4240 547 4303 ἵνα
565 4243 650 4406 {ipos
668 4239 767 4329 ἐγείρῃ,
789 4241 850 4309 Dic
860 4242 958 4330 sorori
981 4254 1015 4308 ut
1038 4267 1088 4317 ro.

538 4361 557 4405 ¹⁶
599 4360 618 4426 3
