2684 4762
250 312 305 374 na
318 311 501 375 mseras.
513 313 635 376 nour.
651 316 704 375 an
718 312 1003 392 nmoopcar.
1082 320 1141 386 ιω

101 476 174 560 scre
193 479 377 563 putrescms3
408 478 500 566 plura
522 477 563 544 de
584 477 740 544 vocabulo
760 475 909 565 petantur
929 478 970 542 ab
996 477 1043 543 ll.
1065 477 1140 541 Ste-

111 572 220 663 phano
244 577 339 642 Thes.
364 580 403 644 1..
423 581 482 644 Gr.
506 580 624 645 T.111.
647 601 681 666 p.
696 598 770 664 230.
793 592 827 643 et
849 578 1080 666 Interpretibus
1099 576 1141 641 ad

111 676 309 763 Hesychiunr
324 701 393 744 voc.
409 678 503 745 ssim
517 694 551 744 et
564 678 676 745 Uiruo.
712 679 766 745 Sic
783 679 816 743 in
835 677 947 744 eadem
961 701 996 743 re
1010 679 1140 743 Plautus

111 775 185 840 Nsrl.
202 778 294 843 Glot.
311 781 352 844 V.
366 799 432 865 31:
461 778 540 844 mitis
549 783 622 871 sum
641 780 774 868 equidem
788 777 932 866 festibus.
974 776 1143 843 Aulularia

112 878 173 940 lll.
195 897 225 944 2.
248 880 288 944 8:
326 880 375 945 Ila
391 879 524 968 firstibus
541 883 614 970 sum
637 879 762 962 mollior,
785 905 873 969 quarn
894 878 975 944 ullus
995 880 1137 946 cinaedus.

108 981 277 1046 Terentius
291 981 433 1068 Adelph.
450 985 494 1048 ll.
512 1003 542 1051 2.
552 1002 615 1069 372
634 1007 773 1048 -omnes
788 983 886 1046 deuter
899 978 1034 1067 labefecit
1050 980 1138 1044 mihi.-

109 1083 263 1147 Praeterea
277 1083 406 1173 colaphis
427 1085 510 1149 tuber
531 1085 570 1173 cst
593 1098 684 1152 totum
704 1096 802 1174 caput.
839 1084 938 1158 Σικυός
955 1080 1065 1161 virm,
1083 1106 1141 1145 cue

109 1187 199 1251 cumis
214 1202 361 1268 maturus,
377 1189 410 1255 in
426 1190 628 1255 similitudine
646 1189 793 1256 mollitiei
812 1188 943 1276 ponitur
960 1209 979 1251 a
996 1185 1138 1251 Cornicis

109 1289 194 1376 apud
210 1290 404 1356 Athenaeum
421 1293 465 1355 ll.
481 1314 514 1378 p.
526 1293 579 1357 68.
594 1294 638 1358 D.
661 1293 694 1356 in
713 1292 763 1357 his
777 1313 796 1356 a
808 1291 1020 1376 Theopompo
1032 1310 1144 1369 —pac

109 1391 257 1478 λακῶτερα
269 1390 387 1468 crixum
401 1393 423 1480 ‘i
440 1401 536 1457 σικυοῦ
548 1395 594 1476 psi
608 1393 717 1479 γὶγονε·
741 1392 797 1457 ubi
811 1394 858 1456 uod
873 1390 1045 1456 delendum
1060 1410 1136 1454 cum

108 1491 220 1556 codice
243 1492 426 1558 Florentino
447 1493 480 1558 in
501 1493 673 1560 collatione
694 1491 905 1558 Gronoviana.
946 1491 1020 1556 Alia
1038 1490 1136 1556 etiam

109 1593 273 1659 videantur
286 1595 371 1682 apud
386 1594 532 1661 Colvium
547 1595 588 1660 ad
601 1595 731 1682 Apuleii
747 1595 883 1660 Metam.
899 1593 925 1659 I.
941 1614 974 1679 p.
988 1607 1042 1679 53.
1057 1592 1142 1658 edit.-

108 1694 256 1759 Oudend.
279 1696 334 1782 qui
347 1695 467 1761 hunce
487 1696 658 1761 Plutarcho
672 1695 780 1760 locum
795 1695 920 1760 Comici
934 1696 992 1760 sub
1006 1694 1143 1761 nomine·

108 1794 279 1861 Menandri
304 1797 431 1862 adferte
453 1798 631 1863 -Erasmum
659 1797 766 1884 Adag.
798 1797 929 1884 Spongia
958 1796 1072 1860 rnollior
1102 1818 1136 1883 p.

112 1915 204 1981 1273.
228 1896 404 1978 Clericum,
418 1898 473 1985 qui
494 1898 581 1964 hunc
601 1899 709 1963 locum
731 1898 764 1962 in
782 1896 981 1983 Fragmentis
994 1898 1141 1961 Menan-

109 1998 156 2063 dri
172 1997 288 2083 posuit,
307 2022 371 2064 non
394 1999 674 2086 reprehendimus:
698 2013 732 2063 at
745 1998 832 2085 quod
854 1998 1031 2064 Comoediae
1054 1998 1136 2063 titu-

108 2098 174 2161 lum
191 2098 372 2185 praeposuit,
394 2123 459 2165 non
481 2102 665 2188 probamus.
702 2101 788 2162 Nam
806 2098 827 2162 s1
845 2099 948 2163 suisset
964 2098 1140 2164 Menandri·
1214 2104 1218 2112 '

110 2199 278 2263 Comoedia
296 2206 319 2264 ot
338 2204 490 2288 epulantem,
506 2214 612 2266 tamen
629 2200 682 2265 hic
696 2199 785 2265 locus
803 2199 906 2288 magis
928 2200 959 2264 in
984 2199 1135 2264 Colacem

107 2302 301 2382 conveniret,
317 2317 356 2368 ut
373 2302 471 2369 modo
485 2304 670 2369 monuimus
684 2325 759 2368 eum
779 2302 827 2367 illi
849 2302 942 2388 plane
955 2301 1135 2368 convenire.

106 2404 205 2468 Nunc
226 2405 267 2469 ab
288 2427 354 2469 uno
374 2427 477 2491 eoque
496 2405 645 2471 levilhmo
659 2405 854 2471 documento
876 2403 959 2481 illius
972 2404 1088 2470 sabulae
1101 2418 1137 2469 et

106 2504 244 2570 nominis
263 2507 433 2572 austoricus
455 2508 598 2592 suspensa
619 2508 679 2572 est:
707 2507 769 2572 hoc
791 2506 954 2586 nimirum,
977 2506 1065 2592 quod
1086 2509 1134 2573 H.

107 2607 239 2672 Grotius
261 2607 293 2673 in
317 2608 486 2696 Florilegio
505 2610 676 2674 Stobaeano
696 2609 761 2674 Tit.
777 2610 835 2674 lV.
858 2631 891 2695 p.
906 2610 958 2677 26.
984 2608 1041 2674 uni
1061 2608 1136 2674 loco

105 2707 341 2773 Menandreum
364 2710 487 2773 versum
508 2708 651 2794 proxime
673 2707 827 2796 sequenti,
852 2707 1012 2796 adscripsit
1039 2708 1134 2789 Idam,

104 2805 283 2869 Militibus.-
313 2830 408 2892 quam
431 2806 668 2893 inscriptionem
693 2828 821 2894 quoque
843 2808 982 2892 reposuit
1008 2807 1040 2872 in
1066 2809 1133 2873 Ex·

105 2908 221 2992 cerptis
242 2930 275 2992 p.
292 2923 365 2990 742.
401 2908 504 2994 Atqui
519 2930 623 2994 neque
638 2908 671 2972 in
685 2908 753 2994 ejus
767 2908 913 2994 exemplo
928 2910 1134 2991 Gesneriano,

105 3006 158 3070 cui
178 3006 232 3070 sua
247 3005 311 3093 ipse
325 3027 425 3070 manu
438 3005 596 3092 adscripsit
609 3007 708 3072 varias
725 3006 876 3072 lestiones
890 3007 1027 3073 duorum
1043 3009 1133 3076 codi-
1149 3013 1151 3016 ’

104 3130 180 3172 cum
203 3107 425 3187 Parisrensrum,
439 3107 503 3172 hoc
523 3107 777 3173 additamentum
799 3107 991 3196 Στρατιώταις
1012 3111 1132 3178 exstat:

106 3236 209 3301 neque
223 3214 255 3279 in
271 3213 337 3280 ulla
349 3213 490 3279 editione
501 3215 563 3278 alia
573 3215 740 3301 reperitur,
752 3215 810 3279 five
825 3214 949 3280 duabus
961 3215 1132 3302 prioribus,

106 3316 353 3382 Trincavelliana
375 3333 408 3382 et
428 3317 631 3399 Gesneriana‚
654 3318 713 3383 five
734 3318 894 3383 noviffima
913 3321 958 3383 N.
979 3319 1131 3401 Schowii,

105 3417 196 3505 cujus
212 3441 276 3483 una
289 3441 361 3507 pars
375 3420 520 3484 continet
533 3419 657 3485 Titulos
671 3420 897 3507 septemdecim
911 3421 1043 3507 priores,
1056 3423 1132 3488 reli·

105 3542 176 3606 quae
189 3519 339 3585 incendio
353 3522 600 3607 conflagrarunt,
620 3521 705 3607 quod
727 3534 760 3585 et
777 3521 956 3587 Literarum
970 3537 1004 3588 et
1022 3525 1132 3591 erudi·

105 3623 210 3688 tiffimi
223 3623 353 3688 editoris
371 3624 475 3689 caussa
487 3623 690 3690 vehementer
703 3624 862 3691 dolemus.
896 3618 960 3691 Sed
974 3625 1037 3706 sac,
1053 3627 1134 3694 illud

104 3725 296 3789 Grotianum
323 3724 578 3791 additamentum
606 3727 772 3815 ςςατιώταις
795 3749 834 3793 ex
860 3727 992 3816 antiquo
1020 3730 1133 3796 codice

103 3823 237 3903 venisse3
260 3847 324 3890 non
340 3841 448 3890 tamen
462 3826 524 3891 hoc
538 3849 604 3892 uno
618 3842 809 3914 argumento
822 3829 1021 3909 conficiatur,
1035 3830 1137 3919 hujus

103 3925 243 3990 nominis
264 3926 457 4012 peculiarem
485 3928 574 3993 fuisse
600 3929 771 3994 Menandri
794 3928 945 3996 fabulam.
989 3933 1076 3995 Nam
1097 3944 1133 3997 et

103 4027 169 4091 duo
182 4024 303 4111 reliqua
315 4025 495 4115 fragmenta
507 4050 528 4093 a
541 4028 666 4094 Clerico
680 4031 738 4095 sub
753 4030 816 4096 hoc
830 4030 945 4098 sabulae
961 4030 1055 4095 titulo
1068 4053 1130 4117 pu-

100 4128 170 4207 fita,
185 4127 303 4192 servata
323 4130 408 4216 apud
431 4129 637 4197 Plutarchum
652 4134 738 4222 Opp.
754 4137 841 4200 Mor.
862 4157 896 4221 p.
910 4150 987 4223 547.
1005 4134 1077 4202 sunt
1091 4158 1132 4204 ex

103 4230 235 4317 persona
255 4229 372 4298 Militis
393 4232 545 4318 Glori01i3
568 4232 668 4321 igitur
687 4259 706 4303 e
723 4236 832 4302 sabula
850 4237 954 4303 Colace
967 4239 1071 4307 sumta
1083 4240 1130 4306 vi·

584 4334 656 4423 1i4
