2684 4762
300 287 355 350 ns
369 288 500 354 mern
512 289 717 353 scorsum
732 286 924 350 sarrana.
935 293 1019 364 ροο.
1028 284 1064 351 ν.
1135 286 1194 352 ιιι

206 466 261 536 39.
273 451 312 517 Β.
333 452 540 537 Ἐπαμινώνδαν
558 458 572 518 l
592 453 748 541 Σπίνθαρος
769 452 893 538 ἐπαινῶν]
919 449 1010 515 Idem
1033 441 1195 533 Spintheri

164 549 288 618 diuum
312 555 408 621 refert
430 557 618 622 Plutarchus
640 558 692 621 De
714 554 820 621 Genio
844 553 981 620 Socratis
1004 542 1036 640 p.
1053 565 1129 639 592.
1147 549 1191 634 Fr

164 651 319 741 Σπίνθαρος
340 661 354 719 b
375 662 539 746 Ταραντῖνος
558 663 606 723 οὐκ
627 657 720 742 ὀλίγον
734 661 809 743 αὐτῷ
833 659 885 740 (τῷ
897 653 1101 739 'haeredem
1125 674 1194 723 W?

163 754 309 841 διατρίψας
331 761 450 822 malae
468 760 566 847 χρόνον
586 759 628 824 ἀεὶ
650 759 718 837 birra
737 756 826 842 he'ye,
846 755 938 840 pubol
953 782 992 820 rra
1013 755 1049 839 (f.
1063 756 1118 837 aa)
1138 759 1193 818 τῶν

163 857 229 916 καθ’
244 857 329 920 lavile
342 859 488 945 ἀνθρώπων
503 860 683 946 ἓντιτνχένας,
701 858 769 941 μίγη
787 854 906 921 πλέονα
927 854 1100 941 γινῶοκοννι,
1121 853 1192 936 μήτε

163 954 289 1017 amatore
311 957 493 1045 pbeybps'rq.
529 960 644 1046 Neque
658 959 720 1023 hoc
735 955 897 1044 Spinthari
911 955 1032 1022 diam
1046 978 1117 1020 earn
1131 955 1190 1020 de·

162 1054 218 1119 bet
233 1054 349 1121 habere
362 1058 438 1147 vini,
452 1072 490 1123 ut
503 1081 578 1124 eurn
593 1059 746 1123 saciamus
763 1058 944 1144 scriptorem
959 1055 1092 1142 alicujus
1106 1054 1190 1138 libri,

162 1155 195 1221 in
218 1179 284 1242 quo
304 1159 384 1226 illud
407 1161 565 1248 posuerit:
593 1175 631 1228 ut
651 1161 755 1227 fecisse
777 1159 923 1226 videntur
942 1161 974 1226 J.
993 1158 1117 1225 Jonfius
1137 1159 1191 1225 De

163 1260 279 1346 Script.
294 1263 375 1328 Hist.
394 1263 508 1329 Philas.
524 1266 568 1330 Il.
587 1285 636 1347 14.
647 1266 679 1330 6.
701 1277 735 1329 et
755 1266 775 1332 J
779 1310 786 1326 .
796 1263 840 1328 A.
855 1258 1015 1329 Fabricius
1029 1260 1114 1328 Bibl.
1129 1262 1189 1327 Gr.

162 1361 200 1425 T.
225 1364 252 1426 Ι.
281 1385 313 1448 p.
332 1380 406 1449 520.
434 1388 627 1452 quamquam
654 1363 878 1430 memorandus
901 1374 987 1430 certe
1008 1362 1081 1427 fuit.
1125 1359 1190 1429 Sed

145 1457 148 1462 ’
162 1461 313 1528 nimirum
328 1465 440 1531 habuit
457 1467 555 1532 filium
569 1467 804 1546 Aristoxenum,
819 1465 941 1530 clarum
954 1461 1046 1529 illurn
1062 1465 1096 1530 in
1111 1485 1187 1529 mu·

159 1563 230 1644 sica,
243 1565 451 1652 philosophia,
464 1569 617 1656 omnique
632 1566 786 1648 dostrina,
801 1564 987 1631 hominem:
1010 1587 1106 1653 quern
1124 1563 1189 1632 hoc

159 1666 317 1750 patrissui
333 1668 454 1733 dictum
476 1671 638 1735 memoriae
654 1667 820 1756 prodidisse
834 1666 984 1732 credibile
1000 1668 1055 1747 est,
1076 1668 1134 1733 sive
1153 1667 1186 1732 in

159 1763 221 1829 alio
243 1767 381 1851 quodam
404 1769 496 1848 libro,
512 1770 570 1835 sive
587 1768 620 1833 in
638 1770 712 1834 Vita
724 1766 953 1855 Epaminondae
964 1792 973 1847 3
995 1765 1015 1831 s1
1035 1767 1129 1847 sorte,
1149 1778 1189 1834 ut

159 1866 292 1933 aliorum
313 1871 487 1935 multorum
509 1871 601 1936 Vitas
621 1870 738 1957 scripsit
756 1891 948 1956 magnorum
972 1867 1121 1948 virorum,
1142 1866 1188 1933 ita

157 1969 388 2054 Epaminonda
404 1973 514 2039 Vitam
528 1972 681 2059 scripserit
694 1997 702 2035 z
725 1993 919 2058 quamquam
935 1968 1048 2034 diserte
1062 1991 1133 2032 eam
1152 1967 1187 2033 in

159 2068 313 2134 Veterum
335 2072 422 2136 libris
444 2086 654 2138 memoratam
676 2094 740 2136 non
759 2070 947 2135 invenimus.
991 2072 1042 2135 lta
1061 2069 1185 2134 Plutar-

158 2168 238 2233 chus
250 2169 370 2236 dissum
381 2170 543 2259 quoddam
558 2170 666 2236 laudat
677 2169 859 2248 Aristarchi,
874 2170 971 2256 patris
984 2167 1185 2250 Theodectis,

158 2291 222 2333 non
237 2271 376 2351 aliunde,
399 2286 437 2337 ut
458 2271 608 2338 credibile
627 2272 682 2350 est,
702 2271 755 2335 nisr
774 2293 813 2335 ex
829 2271 909 2335 libro
923 2269 1063 2357 quodam
1077 2270 1185 2337 Theo·

157 2369 276 2437 dedis:
301 2375 386 2461 Opp.
402 2376 489 2440 Mor.
512 2395 545 2461 p.
560 2377 635 2459 478.
652 2376 693 2440 C.
731 2377 814 2438 Item
828 2375 869 2438 ab
882 2373 1050 2439 Aristotele
1067 2374 1186 2440 citatur

154 2472 306 2562 Ἡρόδωρος
320 2478 471 2541 Generat.
486 2476 597 2541 Anim.
614 2477 677 2541 Ill.
692 2478 731 2540 6:
755 2475 865 2540 addito
885 2481 897 2539 l
915 2483 963 2540 τοῦ
978 2477 1119 2563 Βρύσωνος
1131 2502 1184 2540 co·

155 2583 232 2657 ριςοῦ
245 2580 352 2665 πατήρ·
378 2577 458 2642 Hist.
473 2576 615 2642 Animal.
631 2578 690 2642 IX.
707 2597 756 2643 11.
772 2591 806 2642 et
819 2577 878 2642 VI.
888 2592 921 2662 5.
945 2576 1000 2642 ubi
1018 2598 1184 2663 perperam

155 2679 199 2742 est
211 2680 373 2767 Ἠροῖοτοςι
397 2704 470 2769 quae
485 2679 645 2746 Herodori
659 2679 744 2745 dista
757 2702 822 2744 non
836 2677 912 2766 ipse,
933 2677 986 2744 sed
1000 2678 1082 2744 silius
1099 2679 1183 2768 Bry'·

153 2779 209 2844 son
231 2779 264 2843 in
286 2781 393 2868 aliquo
415 2782 530 2868 scripto
553 2780 715 2846 memoria
733 2779 900 2867 prodidisse
915 2779 1057 2862 videtur3
1081 2780 1184 2867 quiet

154 2878 230 2942 alibi
251 2881 291 2943 ab
308 2881 474 2947 Aristotele
493 2896 530 2946 ut
551 2881 681 2968 scriptor
699 2894 895 2946 memoratur
907 2893 940 2946 et
959 2882 1053 2948 Rhet.
1071 2883 1133 2948 Ill.
1150 2902 1182 2952 2.

154 2978 206 3043 De
227 2978 327 3044 studio
350 2981 578 3066 Epaminondae
596 2996 629 3047 et
650 2982 879 3047 consuetudine
897 2981 1059 3063 audiendi,
1077 3007 1185 3072 opere

154 3076 293 3162 pretium
306 3079 348 3142 est
362 3093 396 3145 et
409 3079 557 3145 convenit
577 3093 767 3168 argumento
783 3080 881 3168 hujus
901 3081 1097 3147 Plutarcheae
1118 3082 1182 3150 dis-

153 3176 341 3263 putationis,
355 3201 514 3266 apponere
528 3182 622 3246 verba
636 3181 735 3246 Corn.
749 3181 887 3269 Nepotis
900 3181 932 3246 in
947 3181 1033 3246 illius
1045 3183 1122 3250 Vita
1135 3185 1181 3250 11.

154 3298 193 3346 2:
216 3278 446 3368 —inprimffque
459 3282 601 3370 commista
617 3281 736 3347 celans:
758 3284 837 3370 quod
852 3279 999 3348 interdum
1014 3307 1072 3349 non
1085 3284 1183 3350 minas

149 3380 274 3470 prodest,
289 3406 378 3471 quam
392 3383 496 3470 dr'serle
508 3385 613 3450 dicere.
643 3385 797 3472 Studiosus
810 3385 970 3450 audiendi.-
991 3409 1028 3451 erc
1041 3379 1094 3452 boc
1106 3385 1184 3454 enim

140 3483 297 3570 facillime
318 3484 389 3573 ἄρα’
412 3485 630 3550 arbitrabatur.
673 3485 780 3575 Itaque
802 3511 892 3576 quum
912 3486 945 3552 in
966 3487 1107 3552 circulum
1124 3512 1180 3554 oe·

149 3585 242 3669 affl,
260 3583 292 3647 ia
306 3609 361 3671 quo
375 3596 431 3648 aut
443 3586 480 3648 de
493 3584 643 3673 republica
657 3585 866 3673 disputaretur,
882 3596 936 3650 aul
948 3585 985 3650 de
997 3585 1182 3678 philosophia

140 3684 237 3767 sermo
250 3684 407 3748 baberetur
416 3709 427 3766 3
451 3708 610 3775 numquam
629 3686 698 3751 inde
714 3686 800 3774 prius
820 3684 954 3774 discffl,
970 3711 1061 3776 param
1076 3685 1180 3777 adfi-

150 3806 215 3846 nem
226 3786 325 3868 sermo
340 3785 406 3871 efflt
422 3785 580 3853 adductas.
693 3800 697 3804 ’

195 3905 250 3971 39.
264 3887 302 3950 B.
324 3889 474 3974 ρρδίιος-]
507 3890 581 3954 Hoc
602 3911 641 3954 ea
660 3890 826 3976 potestate,
848 3912 912 3977 qua
932 3890 1055 3957 Latinis
1067 3888 1180 3978 facile,

150 3986 299 4073 frequens
314 3991 357 4055 est
371 3991 553 4074 Plutarcho,
572 3995 658 4080 Opp.
675 3996 762 4060 Mor.
781 4017 814 4082 p.
828 3996 881 4060 όν.
897 3997 942 4060 F:
965 3994 1044 4072 οὐδεὶς
1061 3995 1119 4082 γάρ
1138 3999 1180 4069 ὗςι

149 4087 245 4176 ῥᾳδίοις
257 4091 382 4167 πλέονος
398 4095 441 4158 sti
455 4096 601 4175 βασιλεὺς,
616 4097 667 4170 οἷος
681 4099 812 4160 desib·
838 4095 930 4160 Nemo
945 4096 1021 4160 enim
1031 4092 1183 4184 facilest

150 4191 247 4275 dives,
261 4206 316 4258 aut
335 4218 398 4278 rra,
416 4197 468 4285 qui
487 4197 538 4262 boc
555 4198 648 4263 dicat.
685 4199 737 4263 66.
751 4198 802 4264 A:
825 4201 854 4264 ab
868 4196 963 4287 ῥᾳδίοις
976 4195 1009 4263 ἂν
1022 4195 1105 4288 εὕροις
1118 4201 1179 4266 irrr-

660 4320 683 4365 Y
695 4320 719 4382 4
