<?xml version="1.0" encoding="UTF-8"?>
<!DOCTYPE html PUBLIC "-//W3C//DTD XHTML 1.0 Transitional//EN"
    "http://www.w3.org/TR/xhtml1/DTD/xhtml1-transitional.dtd">
<html xmlns="http://www.w3.org/1999/xhtml" xml:lang="en" lang="en">
 <head>
  <title>
</title>
<meta http-equiv="Content-Type" content="text/html;charset=utf-8" />
  <meta name='ocr-system' content='tesseract 3.04.00' />
  <meta name='ocr-capabilities' content='ocr_page ocr_carea ocr_par ocr_line ocrx_word'/>
</head>
<body>
  <div class='ocr_page' id='page_1' title='image "./plutarchichaero15plutgoog_0339.png"; bbox 0 0 2684 4762; ppageno 0'>
   <div class='ocr_carea' id='block_1_1' title="bbox 210 301 1133 382">
    <p class='ocr_par' dir='ltr' id='par_1_1' title="bbox 210 301 1133 382">
     <span class='ocr_line' id='line_1_1' title="bbox 210 301 1133 382; baseline 0.004 -20"><span class='ocrx_word' id='word_1_1' title='bbox 210 301 264 362; x_wconf 79' lang='grc' dir='ltr'><strong>ΒΕ</strong></span> <span class='ocrx_word' id='word_1_2' title='bbox 277 301 409 361; x_wconf 81' lang='lat' dir='ltr'><strong>RECTA</strong></span> <span class='ocrx_word' id='word_1_3' title='bbox 421 301 626 363; x_wconf 84' lang='lat' dir='ltr'><strong>AUDIENDI</strong></span> <span class='ocrx_word' id='word_1_4' title='bbox 640 301 831 363; x_wconf 85' lang='lat' dir='ltr'>RATIONE.</span> <span class='ocrx_word' id='word_1_5' title='bbox 843 312 926 382; x_wconf 80' lang='lat' dir='ltr'><strong>p.39.</strong></span> <span class='ocrx_word' id='word_1_6' title='bbox 937 305 975 375; x_wconf 89' lang='lat' dir='ltr'><strong>C,</strong></span> <span class='ocrx_word' id='word_1_7' title='bbox 981 305 1021 367; x_wconf 93' lang='lat' dir='ltr'><strong>D.</strong></span> <span class='ocrx_word' id='word_1_8' title='bbox 1071 315 1133 382; x_wconf 74' lang='grc'><strong>329</strong></span> 
     </span>
    </p>
   </div>
   <div class='ocr_carea' id='block_1_2' title="bbox 90 450 1212 4296">
    <p class='ocr_par' dir='ltr' id='par_1_2' title="bbox 90 450 1136 1763">
     <span class='ocr_line' id='line_1_2' title="bbox 103 450 1130 554; baseline 0.004 -27"><span class='ocrx_word' id='word_1_9' title='bbox 103 450 232 544; x_wconf 74' lang='grc' dir='ltr'><strong>ἇκοῦσοη,</strong></span> <span class='ocrx_word' id='word_1_10' title='bbox 246 465 332 547; x_wconf 69' lang='grc' dir='ltr'><strong>μηθὲν</strong></span> <span class='ocrx_word' id='word_1_11' title='bbox 344 464 598 552; x_wconf 58' lang='grc' dir='ltr'><strong>προκατογνοοκοπες</strong></span> <span class='ocrx_word' id='word_1_12' title='bbox 610 468 645 540; x_wconf 64' lang='grc' dir='ltr'><strong>οἷς</strong></span> <span class='ocrx_word' id='word_1_13' title='bbox 658 466 754 544; x_wconf 68' lang='grc' dir='ltr'><strong>ἀδικῶ,</strong></span> <span class='ocrx_word' id='word_1_14' title='bbox 768 468 835 530; x_wconf 75' lang='grc' dir='ltr'><strong>ἀλλ’</strong></span> <span class='ocrx_word' id='word_1_15' title='bbox 849 465 893 554; x_wconf 74' lang='grc' dir='ltr'><strong>ἴση</strong></span> <span class='ocrx_word' id='word_1_16' title='bbox 906 473 941 553; x_wconf 74' lang='grc' dir='ltr'><strong>τῇ</strong></span> <span class='ocrx_word' id='word_1_17' title='bbox 955 467 1042 553; x_wconf 74' lang='grc' dir='ltr'><strong>εὐνοίᾳ</strong></span> <span class='ocrx_word' id='word_1_18' title='bbox 1055 468 1130 532; x_wconf 70' lang='lat' dir='ltr'><em>irni-</em></span> 
     </span>
     <span class='ocr_line' id='line_1_3' title="bbox 103 567 1130 654; baseline 0.005 -25"><span class='ocrx_word' id='word_1_19' title='bbox 103 593 185 640; x_wconf 79' lang='grc' dir='ltr'><strong>οντες.</strong></span> <span class='ocrx_word' id='word_1_20' title='bbox 220 568 327 653; x_wconf 74' lang='lat' dir='ltr'>Quem</span> <span class='ocrx_word' id='word_1_21' title='bbox 348 567 457 631; x_wconf 92' lang='lat' dir='ltr'>locum</span> <span class='ocrx_word' id='word_1_22' title='bbox 477 567 620 631; x_wconf 89' lang='lat' dir='ltr'><em>imitatus</em></span> <span class='ocrx_word' id='word_1_23' title='bbox 638 568 681 632; x_wconf 85' lang='lat' dir='ltr'><strong>est</strong></span> <span class='ocrx_word' id='word_1_24' title='bbox 702 567 816 632; x_wconf 85' lang='lat' dir='ltr'>Cicero</span> <span class='ocrx_word' id='word_1_25' title='bbox 830 568 920 633; x_wconf 87' lang='lat' dir='ltr'><strong>Orat.</strong></span> <span class='ocrx_word' id='word_1_26' title='bbox 936 591 993 654; x_wconf 81' lang='lat' dir='ltr'><strong>pru</strong></span> <span class='ocrx_word' id='word_1_27' title='bbox 1009 568 1130 634; x_wconf 75' lang='lat' dir='ltr'>Cluen-</span> 
     </span>
     <span class='ocr_line' id='line_1_4' title="bbox 103 667 1132 755; baseline 0 -23"><span class='ocrx_word' id='word_1_28' title='bbox 103 667 162 744; x_wconf 88' lang='lat' dir='ltr'><em>tio,</em></span> <span class='ocrx_word' id='word_1_29' title='bbox 178 687 214 732; x_wconf 71' lang='grc' dir='ltr'><strong>οε</strong></span> <span class='ocrx_word' id='word_1_30' title='bbox 241 667 432 753; x_wconf 81' lang='lat' dir='ltr'><strong>Qriomobrem</strong></span> <span class='ocrx_word' id='word_1_31' title='bbox 447 693 467 731; x_wconf 88' lang='lat' dir='ltr'><em>o</em></span> <span class='ocrx_word' id='word_1_32' title='bbox 477 667 576 747; x_wconf 82' lang='lat' dir='ltr'><em>vobis,</em></span> <span class='ocrx_word' id='word_1_33' title='bbox 586 668 718 753; x_wconf 72' lang='lat' dir='ltr'><em>judicos,</em></span> <span class='ocrx_word' id='word_1_34' title='bbox 736 680 894 753; x_wconf 69' lang='lat' dir='ltr'><strong>antiquom</strong></span> <span class='ocrx_word' id='word_1_35' title='bbox 908 669 945 731; x_wconf 84' lang='lat' dir='ltr'><strong>de</strong></span> <span class='ocrx_word' id='word_1_36' title='bbox 958 669 1020 755; x_wconf 80' lang='lat' dir='ltr'><em>ipso</em></span> <span class='ocrx_word' id='word_1_37' title='bbox 1033 669 1132 755; x_wconf 82' lang='lat' dir='ltr'><strong>cauffo</strong></span> 
     </span>
     <span class='ocr_line' id='line_1_5' title="bbox 103 765 1132 856; baseline 0.002 -26"><span class='ocrx_word' id='word_1_38' title='bbox 103 769 198 831; x_wconf 81' lang='lat' dir='ltr'><em>dicere</em></span> <span class='ocrx_word' id='word_1_39' title='bbox 219 768 335 854; x_wconf 85' lang='lat' dir='ltr'><em>incipio,</em></span> <span class='ocrx_word' id='word_1_40' title='bbox 356 769 420 831; x_wconf 80' lang='lat' dir='ltr'><strong>baeo</strong></span> <span class='ocrx_word' id='word_1_41' title='bbox 435 765 652 856; x_wconf 59' lang='lat' dir='ltr'><strong>pistillo—cum</strong></span> <span class='ocrx_word' id='word_1_42' title='bbox 671 791 723 854; x_wconf 81' lang='lat' dir='ltr'><strong>ego</strong></span> <span class='ocrx_word' id='word_1_43' title='bbox 742 769 778 832; x_wconf 82' lang='lat' dir='ltr'><strong>de</strong></span> <span class='ocrx_word' id='word_1_44' title='bbox 794 792 970 855; x_wconf 83' lang='lat' dir='ltr'><strong>unoquoquo</strong></span> <span class='ocrx_word' id='word_1_45' title='bbox 989 770 1132 833; x_wconf 81' lang='lat' dir='ltr'>redicam</span> 
     </span>
     <span class='ocr_line' id='line_1_6' title="bbox 102 868 1130 958; baseline 0.001 -25"><span class='ocrx_word' id='word_1_46' title='bbox 102 882 131 933; x_wconf 77' lang='lat' dir='ltr'><strong>et</strong></span> <span class='ocrx_word' id='word_1_47' title='bbox 149 868 275 950; x_wconf 82' lang='lat' dir='ltr'>diluam,</span> <span class='ocrx_word' id='word_1_48' title='bbox 294 894 331 933; x_wconf 85' lang='grc' dir='ltr'><strong>ιιι</strong></span> <span class='ocrx_word' id='word_1_49' title='bbox 349 871 412 957; x_wconf 83' lang='lat' dir='ltr'><strong>ipſs,</strong></span> <span class='ocrx_word' id='word_1_50' title='bbox 432 894 501 957; x_wconf 78' lang='lat' dir='ltr'><strong>quae</strong></span> <span class='ocrx_word' id='word_1_51' title='bbox 518 871 667 935; x_wconf 81' lang='lat' dir='ltr'><strong>contraria</strong></span> <span class='ocrx_word' id='word_1_52' title='bbox 677 874 766 957; x_wconf 82' lang='lat' dir='ltr'><em>sunt,</em></span> <span class='ocrx_word' id='word_1_53' title='bbox 788 871 871 934; x_wconf 81' lang='lat' dir='ltr'><em>taciti</em></span> <span class='ocrx_word' id='word_1_54' title='bbox 885 871 1052 958; x_wconf 80' lang='lat' dir='ltr'><em>cogitationi</em></span> <span class='ocrx_word' id='word_1_55' title='bbox 1075 895 1130 934; x_wconf 85' lang='lat' dir='ltr'><strong>ve·</strong></span> 
     </span>
     <span class='ocr_line' id='line_1_7' title="bbox 90 969 1131 1058; baseline 0.001 -26"><span class='ocrx_word' id='word_1_56' title='bbox 90 969 169 1056; x_wconf 80' lang='lat' dir='ltr'><strong>strae</strong></span> <span class='ocrx_word' id='word_1_57' title='bbox 180 971 359 1058; x_wconf 82' lang='lat' dir='ltr'><em>subjiciatis,</em></span> <span class='ocrx_word' id='word_1_58' title='bbox 371 972 431 1058; x_wconf 84' lang='lat' dir='ltr'><strong>sod</strong></span> <span class='ocrx_word' id='word_1_59' title='bbox 449 972 494 1034; x_wconf 86' lang='lat' dir='ltr'><strong>od</strong></span> <span class='ocrx_word' id='word_1_60' title='bbox 512 982 671 1035; x_wconf 77' lang='lat' dir='ltr'><strong>extremum</strong></span> <span class='ocrx_word' id='word_1_61' title='bbox 690 972 854 1058; x_wconf 63' lang='lat' dir='ltr'><strong>exspoliatis</strong></span> <span class='ocrx_word' id='word_1_62' title='bbox 871 982 899 1034; x_wconf 79' lang='lat' dir='ltr'><strong>ol</strong></span> <span class='ocrx_word' id='word_1_63' title='bbox 918 995 961 1034; x_wconf 82' lang='lat' dir='ltr'><strong>me</strong></span> <span class='ocrx_word' id='word_1_64' title='bbox 974 995 1066 1033; x_wconf 81' lang='lat' dir='ltr'><strong>mcum</strong></span> <span class='ocrx_word' id='word_1_65' title='bbox 1081 973 1131 1033; x_wconf 85' lang='lat' dir='ltr'><em>di-</em></span> 
     </span>
     <span class='ocr_line' id='line_1_8' title="bbox 102 1072 1136 1161; baseline 0 -26"><span class='ocrx_word' id='word_1_66' title='bbox 102 1073 186 1136; x_wconf 83' lang='lat' dir='ltr'><em>cendi</em></span> <span class='ocrx_word' id='word_1_67' title='bbox 200 1073 330 1135; x_wconf 82' lang='lat' dir='ltr'><em>ordinem</em></span> <span class='ocrx_word' id='word_1_68' title='bbox 340 1074 470 1157; x_wconf 80' lang='lat' dir='ltr'><strong>sorvoro</strong></span> <span class='ocrx_word' id='word_1_69' title='bbox 486 1072 665 1159; x_wconf 78' lang='lat' dir='ltr'><em>potiamini:</em></span> <span class='ocrx_word' id='word_1_70' title='bbox 688 1096 751 1135; x_wconf 83' lang='lat' dir='ltr'><strong>oum</strong></span> <span class='ocrx_word' id='word_1_71' title='bbox 764 1088 917 1161; x_wconf 79' lang='lat' dir='ltr'><strong>peroraro,</strong></span> <span class='ocrx_word' id='word_1_72' title='bbox 932 1084 1005 1150; x_wconf 84' lang='lat' dir='ltr'><strong>tum,</strong></span> <span class='ocrx_word' id='word_1_73' title='bbox 1014 1073 1049 1157; x_wconf 82' lang='lat' dir='ltr'><em>st</em></span> <span class='ocrx_word' id='word_1_74' title='bbox 1059 1072 1136 1159; x_wconf 76' lang='lat' dir='ltr'><em>quid</em></span> 
     </span>
     <span class='ocr_line' id='line_1_9' title="bbox 103 1171 1134 1259; baseline 0.003 -24"><span class='ocrx_word' id='word_1_75' title='bbox 103 1173 160 1235; x_wconf 80' lang='lat' dir='ltr'><strong>erit</strong></span> <span class='ocrx_word' id='word_1_76' title='bbox 180 1171 374 1258; x_wconf 67' lang='lat' dir='ltr'><strong>praeteritum,</strong></span> <span class='ocrx_word' id='word_1_77' title='bbox 396 1173 568 1259; x_wconf 76' lang='lat' dir='ltr'><strong>requiratis.</strong></span> <span class='ocrx_word' id='word_1_78' title='bbox 604 1173 692 1237; x_wconf 89' lang='lat' dir='ltr'><em>Hinc</em></span> <span class='ocrx_word' id='word_1_79' title='bbox 710 1173 797 1237; x_wconf 90' lang='lat' dir='ltr'>enim</span> <span class='ocrx_word' id='word_1_80' title='bbox 819 1173 926 1258; x_wconf 88' lang='lat' dir='ltr'><strong>potius</strong></span> <span class='ocrx_word' id='word_1_81' title='bbox 945 1173 1134 1239; x_wconf 81' lang='lat' dir='ltr'>adumbrata</span> 
     </span>
     <span class='ocr_line' id='line_1_10' title="bbox 103 1270 1133 1358; baseline 0.004 -25"><span class='ocrx_word' id='word_1_82' title='bbox 103 1270 208 1335; x_wconf 90' lang='lat' dir='ltr'>dicam</span> <span class='ocrx_word' id='word_1_83' title='bbox 228 1270 387 1350; x_wconf 85' lang='lat' dir='ltr'>Ciceroni,</span> <span class='ocrx_word' id='word_1_84' title='bbox 402 1293 511 1357; x_wconf 90' lang='lat' dir='ltr'>quam,</span> <span class='ocrx_word' id='word_1_85' title='bbox 527 1271 615 1358; x_wconf 88' lang='lat' dir='ltr'><strong>quod</strong></span> <span class='ocrx_word' id='word_1_86' title='bbox 628 1271 728 1337; x_wconf 85' lang='lat' dir='ltr'><em>voluit</em></span> <span class='ocrx_word' id='word_1_87' title='bbox 743 1273 886 1351; x_wconf 85' lang='lat' dir='ltr'><strong>Urfinus,</strong></span> <span class='ocrx_word' id='word_1_88' title='bbox 901 1294 939 1336; x_wconf 84' lang='lat' dir='ltr'><strong>ex</strong></span> <span class='ocrx_word' id='word_1_89' title='bbox 954 1272 1133 1337; x_wconf 77' lang='lat' dir='ltr'><em>Andocidis</em></span> 
     </span>
     <span class='ocr_line' id='line_1_11' title="bbox 103 1371 1131 1460; baseline 0.002 -23"><span class='ocrx_word' id='word_1_90' title='bbox 103 1374 195 1438; x_wconf 81' lang='lat' dir='ltr'><strong>Orat.</strong></span> <span class='ocrx_word' id='word_1_91' title='bbox 210 1375 263 1437; x_wconf 87' lang='lat' dir='ltr'><strong>De</strong></span> <span class='ocrx_word' id='word_1_92' title='bbox 277 1373 435 1460; x_wconf 88' lang='lat' dir='ltr'>Mysteriis</span> <span class='ocrx_word' id='word_1_93' title='bbox 448 1371 525 1437; x_wconf 84' lang='lat' dir='ltr'><em>edit.</em></span> <span class='ocrx_word' id='word_1_94' title='bbox 537 1374 651 1460; x_wconf 87' lang='lat' dir='ltr'><strong>Steph.</strong></span> <span class='ocrx_word' id='word_1_95' title='bbox 674 1395 707 1460; x_wconf 91' lang='lat' dir='ltr'><strong>p.</strong></span> <span class='ocrx_word' id='word_1_96' title='bbox 724 1394 755 1440; x_wconf 80' lang='lat' dir='ltr'><strong>a.</strong></span> <span class='ocrx_word' id='word_1_97' title='bbox 772 1393 809 1440; x_wconf 76' lang='grc' dir='ltr'><strong>οι</strong></span> <span class='ocrx_word' id='word_1_98' title='bbox 826 1398 834 1437; x_wconf 84' lang='lat'><em>=</em></span> <span class='ocrx_word' id='word_1_99' title='bbox 857 1374 922 1437; x_wconf 75' lang='grc' dir='ltr'><strong>τάδε</strong></span> <span class='ocrx_word' id='word_1_100' title='bbox 941 1377 968 1436; x_wconf 71' lang='lat'><strong>11</strong></span> <span class='ocrx_word' id='word_1_101' title='bbox 985 1380 1057 1456; x_wconf 71' lang='grc' dir='ltr'><strong>ὑμῶν</strong></span> <span class='ocrx_word' id='word_1_102' title='bbox 1072 1374 1131 1439; x_wconf 71' lang='lat' dir='ltr'><strong>llo·</strong></span> 
     </span>
     <span class='ocr_line' id='line_1_12' title="bbox 101 1463 1134 1560; baseline 0.005 -26"><span class='ocrx_word' id='word_1_103' title='bbox 101 1499 165 1555; x_wconf 76' lang='grc' dir='ltr'><strong>μαι,</strong></span> <span class='ocrx_word' id='word_1_104' title='bbox 186 1474 247 1554; x_wconf 77' lang='grc' dir='ltr'><strong>μετ’</strong></span> <span class='ocrx_word' id='word_1_105' title='bbox 261 1472 360 1546; x_wconf 76' lang='grc' dir='ltr'><strong><em>εὐνοίας</em></strong></span> <span class='ocrx_word' id='word_1_106' title='bbox 373 1497 414 1555; x_wconf 72' lang='grc' dir='ltr'><strong>με</strong></span> <span class='ocrx_word' id='word_1_107' title='bbox 429 1478 476 1551; x_wconf 76' lang='grc' dir='ltr'><strong>τὴν</strong></span> <span class='ocrx_word' id='word_1_108' title='bbox 495 1472 627 1560; x_wconf 72' lang='grc' dir='ltr'><strong>ἀκρόασιν</strong></span> <span class='ocrx_word' id='word_1_109' title='bbox 649 1479 696 1550; x_wconf 76' lang='grc' dir='ltr'><strong>τῆς</strong></span> <span class='ocrx_word' id='word_1_110' title='bbox 713 1473 867 1559; x_wconf 76' lang='grc' dir='ltr'><strong>οἰπολογῖας</strong></span> <span class='ocrx_word' id='word_1_111' title='bbox 887 1475 1062 1554; x_wconf 66' lang='grc' dir='ltr'><strong>σοιῆσαῶαη·</strong></span> <span class='ocrx_word' id='word_1_112' title='bbox 1086 1463 1134 1556; x_wconf 68' lang='lat' dir='ltr'><strong>noi</strong></span> 
     </span>
     <span class='ocr_line' id='line_1_13' title="bbox 102 1574 1134 1661; baseline 0.004 -26"><span class='ocrx_word' id='word_1_113' title='bbox 102 1576 166 1655; x_wconf 65' lang='grc' dir='ltr'><strong>μήτ’</strong></span> <span class='ocrx_word' id='word_1_114' title='bbox 189 1576 246 1656; x_wconf 77' lang='grc' dir='ltr'><strong>ἐμοὶ</strong></span> <span class='ocrx_word' id='word_1_115' title='bbox 265 1574 402 1649; x_wconf 73' lang='grc' dir='ltr'><strong>ἀντιδίκοις</strong></span> <span class='ocrx_word' id='word_1_116' title='bbox 421 1581 584 1657; x_wconf 81' lang='grc' dir='ltr'><strong>καταςῆνας,</strong></span> <span class='ocrx_word' id='word_1_117' title='bbox 602 1575 672 1658; x_wconf 79' lang='grc' dir='ltr'><strong>μῆτι</strong></span> <span class='ocrx_word' id='word_1_118' title='bbox 696 1580 810 1639; x_wconf 78' lang='grc' dir='ltr'><strong>ὑπονοεῖν</strong></span> <span class='ocrx_word' id='word_1_119' title='bbox 830 1580 869 1639; x_wconf 84' lang='grc' dir='ltr'><strong>τοὶ</strong></span> <span class='ocrx_word' id='word_1_120' title='bbox 889 1575 1039 1661; x_wconf 76' lang='grc' dir='ltr'><strong>λεγόμενα,</strong></span> <span class='ocrx_word' id='word_1_121' title='bbox 1062 1577 1134 1660; x_wconf 60' lang='lat' dir='ltr'><strong>piper</strong></span> 
     </span>
     <span class='ocr_line' id='line_1_14' title="bbox 102 1661 359 1763; baseline 0 -25"><span class='ocrx_word' id='word_1_122' title='bbox 102 1676 214 1761; x_wconf 70' lang='grc' dir='ltr'><strong>ῥήματα</strong></span> <span class='ocrx_word' id='word_1_123' title='bbox 225 1661 359 1763; x_wconf 63' lang='grc' dir='ltr'><strong>Ιθηρεύειν.</strong></span> 
     </span>
    </p>

    <p class='ocr_par' dir='ltr' id='par_1_3' title="bbox 100 1775 1137 2975">
     <span class='ocr_line' id='line_1_15' title="bbox 144 1775 1133 1864; baseline 0.002 -24"><span class='ocrx_word' id='word_1_124' title='bbox 144 1796 199 1861; x_wconf 84' lang='lat'><strong>39.</strong></span> <span class='ocrx_word' id='word_1_125' title='bbox 217 1776 258 1840; x_wconf 90' lang='lat' dir='ltr'><strong>C.</strong></span> <span class='ocrx_word' id='word_1_126' title='bbox 281 1775 341 1840; x_wconf 76' lang='grc' dir='ltr'><strong>οὔτε</strong></span> <span class='ocrx_word' id='word_1_127' title='bbox 355 1775 506 1855; x_wconf 76' lang='grc' dir='ltr'><strong>ἀκούοντες,</strong></span> <span class='ocrx_word' id='word_1_128' title='bbox 522 1775 582 1840; x_wconf 78' lang='grc' dir='ltr'><strong>οὔτε</strong></span> <span class='ocrx_word' id='word_1_129' title='bbox 598 1777 754 1860; x_wconf 68' lang='grc' dir='ltr'><strong>ἀκειόμενοι,</strong></span> <span class='ocrx_word' id='word_1_130' title='bbox 776 1776 903 1862; x_wconf 71' lang='grc' dir='ltr'><strong>λέγοντες</strong></span> <span class='ocrx_word' id='word_1_131' title='bbox 915 1778 943 1840; x_wconf 78' lang='grc' dir='ltr'><strong>δὲ</strong></span> <span class='ocrx_word' id='word_1_132' title='bbox 957 1779 1020 1864; x_wconf 73' lang='grc' dir='ltr'><strong>πρὸς</strong></span> <span class='ocrx_word' id='word_1_133' title='bbox 1032 1777 1133 1864; x_wconf 67' lang='grc' dir='ltr'><strong>λέγον-</strong></span> 
     </span>
     <span class='ocr_line' id='line_1_16' title="bbox 100 1878 1134 1965; baseline 0.007 -27"><span class='ocrx_word' id='word_1_134' title='bbox 100 1903 165 1955; x_wconf 84' lang='grc' dir='ltr'><strong>τας,</strong></span> <span class='ocrx_word' id='word_1_135' title='bbox 184 1881 356 1964; x_wconf 74' lang='grc' dir='ltr'><strong>ἀχημοιῦσι]</strong></span> <span class='ocrx_word' id='word_1_136' title='bbox 387 1880 464 1942; x_wconf 88' lang='lat' dir='ltr'><strong>Non</strong></span> <span class='ocrx_word' id='word_1_137' title='bbox 486 1878 632 1942; x_wconf 81' lang='lat' dir='ltr'><strong>assentior</strong></span> <span class='ocrx_word' id='word_1_138' title='bbox 650 1881 682 1944; x_wconf 88' lang='lat' dir='ltr'><strong>J.</strong></span> <span class='ocrx_word' id='word_1_139' title='bbox 697 1879 834 1965; x_wconf 84' lang='lat' dir='ltr'><strong>Toupio,</strong></span> <span class='ocrx_word' id='word_1_140' title='bbox 857 1879 1042 1965; x_wconf 82' lang='lat' dir='ltr'><strong>Longinum</strong></span> <span class='ocrx_word' id='word_1_141' title='bbox 1063 1881 1134 1946; x_wconf 85' lang='lat' dir='ltr'>haec</span> 
     </span>
     <span class='ocr_line' id='line_1_17' title="bbox 103 1976 1134 2064; baseline 0.001 -24"><span class='ocrx_word' id='word_1_142' title='bbox 103 1976 220 2041; x_wconf 86' lang='lat' dir='ltr'><em>imitari</em></span> <span class='ocrx_word' id='word_1_143' title='bbox 233 1980 285 2042; x_wconf 80' lang='lat' dir='ltr'><strong>Do</strong></span> <span class='ocrx_word' id='word_1_144' title='bbox 299 1977 389 2043; x_wconf 89' lang='lat' dir='ltr'><strong>Subl.</strong></span> <span class='ocrx_word' id='word_1_145' title='bbox 402 1979 464 2041; x_wconf 87' lang='grc' dir='ltr'><strong>ΙΙΙ.</strong></span> <span class='ocrx_word' id='word_1_146' title='bbox 476 1977 530 2043; x_wconf 87' lang='lat' dir='ltr'><strong>fin.</strong></span> <span class='ocrx_word' id='word_1_147' title='bbox 545 1980 618 2063; x_wconf 70' lang='grc' dir='ltr'><strong>πρὸς</strong></span> <span class='ocrx_word' id='word_1_148' title='bbox 631 1979 702 2040; x_wconf 77' lang='grc' dir='ltr'><strong>οὐδὲν</strong></span> <span class='ocrx_word' id='word_1_149' title='bbox 714 1979 889 2052; x_wconf 68' lang='grc' dir='ltr'><strong>πεπονθότας</strong></span> <span class='ocrx_word' id='word_1_150' title='bbox 904 1983 1042 2063; x_wconf 77' lang='grc' dir='ltr'><strong>ἀκροατὰς</strong></span> <span class='ocrx_word' id='word_1_151' title='bbox 1055 1983 1134 2064; x_wconf 74' lang='grc' dir='ltr'><strong>ἄχη-</strong></span> 
     </span>
     <span class='ocr_line' id='line_1_18' title="bbox 102 2077 1133 2164; baseline 0.003 -23"><span class='ocrx_word' id='word_1_152' title='bbox 102 2086 238 2160; x_wconf 86' lang='grc' dir='ltr'><strong>μονοῡοιν.</strong></span> <span class='ocrx_word' id='word_1_153' title='bbox 268 2081 411 2144; x_wconf 85' lang='lat' dir='ltr'>Verbum</span> <span class='ocrx_word' id='word_1_154' title='bbox 426 2083 573 2164; x_wconf 72' lang='grc' dir='ltr'><strong>ἂχημονεῖι</strong></span> <span class='ocrx_word' id='word_1_155' title='bbox 586 2100 651 2143; x_wconf 89' lang='lat' dir='ltr'><strong>non</strong></span> <span class='ocrx_word' id='word_1_156' title='bbox 666 2078 750 2143; x_wconf 87' lang='lat' dir='ltr'><strong>hano</strong></span> <span class='ocrx_word' id='word_1_157' title='bbox 764 2079 861 2143; x_wconf 88' lang='lat' dir='ltr'>habet</span> <span class='ocrx_word' id='word_1_158' title='bbox 875 2077 1133 2164; x_wconf 84' lang='lat' dir='ltr'><strong>infrequentiam,</strong></span> 
     </span>
     <span class='ocr_line' id='line_1_19' title="bbox 104 2179 1137 2266; baseline 0.001 -22"><span class='ocrx_word' id='word_1_159' title='bbox 104 2204 163 2245; x_wconf 88' lang='lat' dir='ltr'><strong>nec</strong></span> <span class='ocrx_word' id='word_1_160' title='bbox 177 2181 266 2245; x_wconf 85' lang='lat' dir='ltr'>locus</span> <span class='ocrx_word' id='word_1_161' title='bbox 281 2202 351 2243; x_wconf 87' lang='lat' dir='ltr'><strong>eam</strong></span> <span class='ocrx_word' id='word_1_162' title='bbox 368 2179 612 2258; x_wconf 79' lang='lat' dir='ltr'>hmilitudinem,</span> <span class='ocrx_word' id='word_1_163' title='bbox 627 2203 699 2266; x_wconf 82' lang='lat' dir='ltr'><strong>quae</strong></span> <span class='ocrx_word' id='word_1_164' title='bbox 718 2180 760 2243; x_wconf 87' lang='lat' dir='ltr'><strong>ab</strong></span> <span class='ocrx_word' id='word_1_165' title='bbox 774 2179 950 2243; x_wconf 85' lang='lat' dir='ltr'><strong>imitatione</strong></span> <span class='ocrx_word' id='word_1_166' title='bbox 963 2179 1137 2264; x_wconf 78' lang='lat' dir='ltr'>repetenda</span> 
     </span>
     <span class='ocr_line' id='line_1_20' title="bbox 103 2280 1137 2370; baseline 0.002 -24"><span class='ocrx_word' id='word_1_167' title='bbox 103 2283 151 2346; x_wconf 85' lang='lat' dir='ltr'><strong>fit.</strong></span> <span class='ocrx_word' id='word_1_168' title='bbox 197 2286 233 2348; x_wconf 88' lang='lat' dir='ltr'><strong>ln</strong></span> <span class='ocrx_word' id='word_1_169' title='bbox 258 2281 428 2347; x_wconf 83' lang='lat' dir='ltr'>Plutarcho</span> <span class='ocrx_word' id='word_1_170' title='bbox 451 2280 569 2368; x_wconf 85' lang='lat' dir='ltr'>duplex</span> <span class='ocrx_word' id='word_1_171' title='bbox 590 2281 676 2346; x_wconf 89' lang='lat' dir='ltr'>brevi</span> <span class='ocrx_word' id='word_1_172' title='bbox 700 2280 801 2367; x_wconf 86' lang='lat' dir='ltr'><strong>spatio</strong></span> <span class='ocrx_word' id='word_1_173' title='bbox 823 2280 997 2359; x_wconf 84' lang='lat' dir='ltr'><strong>antithefis,</strong></span> <span class='ocrx_word' id='word_1_174' title='bbox 1016 2295 1049 2345; x_wconf 92' lang='lat' dir='ltr'><strong>et</strong></span> <span class='ocrx_word' id='word_1_175' title='bbox 1070 2282 1137 2370; x_wconf 82' lang='lat' dir='ltr'><strong>ipsa</strong></span> 
     </span>
     <span class='ocr_line' id='line_1_21' title="bbox 104 2382 1136 2472; baseline 0.002 -25"><span class='ocrx_word' id='word_1_176' title='bbox 104 2385 242 2450; x_wconf 84' lang='lat' dir='ltr'>veritatis</span> <span class='ocrx_word' id='word_1_177' title='bbox 264 2384 385 2472; x_wconf 87' lang='lat' dir='ltr'><em>imago,</em></span> <span class='ocrx_word' id='word_1_178' title='bbox 405 2385 518 2449; x_wconf 90' lang='lat' dir='ltr'>miram</span> <span class='ocrx_word' id='word_1_179' title='bbox 538 2384 636 2450; x_wconf 86' lang='lat' dir='ltr'>habet</span> <span class='ocrx_word' id='word_1_180' title='bbox 652 2385 729 2449; x_wconf 85' lang='lat' dir='ltr'><em>vim.</em></span> <span class='ocrx_word' id='word_1_181' title='bbox 772 2387 821 2448; x_wconf 87' lang='lat' dir='ltr'><strong>Ex</strong></span> <span class='ocrx_word' id='word_1_182' title='bbox 842 2383 932 2448; x_wconf 80' lang='lat' dir='ltr'><em>simili</em></span> <span class='ocrx_word' id='word_1_183' title='bbox 946 2382 1083 2471; x_wconf 88' lang='lat' dir='ltr'>quadam</span> <span class='ocrx_word' id='word_1_184' title='bbox 1101 2406 1136 2449; x_wconf 83' lang='lat' dir='ltr'><strong>re</strong></span> 
     </span>
     <span class='ocr_line' id='line_1_22' title="bbox 103 2483 1137 2572; baseline 0 -23"><span class='ocrx_word' id='word_1_185' title='bbox 103 2485 238 2551; x_wconf 66' lang='lat' dir='ltr'>dullum</span> <span class='ocrx_word' id='word_1_186' title='bbox 253 2487 295 2550; x_wconf 85' lang='lat' dir='ltr'><strong>est</strong></span> <span class='ocrx_word' id='word_1_187' title='bbox 310 2487 390 2551; x_wconf 88' lang='lat' dir='ltr'>illud</span> <span class='ocrx_word' id='word_1_188' title='bbox 410 2486 450 2551; x_wconf 86' lang='lat' dir='ltr'><strong>de</strong></span> <span class='ocrx_word' id='word_1_189' title='bbox 467 2486 540 2551; x_wconf 89' lang='lat' dir='ltr'><em>vino</em></span> <span class='ocrx_word' id='word_1_190' title='bbox 562 2487 707 2572; x_wconf 91' lang='lat' dir='ltr'><strong>Sympos.</strong></span> <span class='ocrx_word' id='word_1_191' title='bbox 724 2487 803 2550; x_wconf 92' lang='lat' dir='ltr'><strong>VII.</strong></span> <span class='ocrx_word' id='word_1_192' title='bbox 826 2507 859 2571; x_wconf 90' lang='lat' dir='ltr'><strong>p.</strong></span> <span class='ocrx_word' id='word_1_193' title='bbox 878 2498 951 2568; x_wconf 81' lang='lat'><strong>715.</strong></span> <span class='ocrx_word' id='word_1_194' title='bbox 963 2485 1018 2550; x_wconf 89' lang='lat' dir='ltr'><strong>A:</strong></span> <span class='ocrx_word' id='word_1_195' title='bbox 1043 2491 1055 2547; x_wconf 83' lang='grc' dir='ltr'><strong>ὁ</strong></span> <span class='ocrx_word' id='word_1_196' title='bbox 1070 2483 1137 2560; x_wconf 75' lang='grc' dir='ltr'><strong>οἶνος</strong></span> 
     </span>
     <span class='ocr_line' id='line_1_23' title="bbox 103 2584 1137 2676; baseline -0.002 -25"><span class='ocrx_word' id='word_1_197' title='bbox 103 2596 248 2663; x_wconf 80' lang='grc' dir='ltr'><strong>-λαλιοῖς</strong></span> <span class='ocrx_word' id='word_1_198' title='bbox 273 2589 377 2676; x_wconf 65' lang='lat' dir='ltr'><strong>&amp;uolgo</strong></span> <span class='ocrx_word' id='word_1_199' title='bbox 399 2586 445 2669; x_wconf 70' lang='lat' dir='ltr'><strong>irai</strong></span> <span class='ocrx_word' id='word_1_200' title='bbox 466 2589 633 2676; x_wconf 69' lang='grc' dir='ltr'><strong>φρονήματος</strong></span> <span class='ocrx_word' id='word_1_201' title='bbox 657 2594 816 2672; x_wconf 73' lang='grc' dir='ltr'><strong>ἡγεμονικοῦ</strong></span> <span class='ocrx_word' id='word_1_202' title='bbox 840 2584 1079 2667; x_wconf 70' lang='grc' dir='ltr'><strong>καταπίμπλησιν,</strong></span> <span class='ocrx_word' id='word_1_203' title='bbox 1100 2588 1137 2662; x_wconf 63' lang='grc' dir='ltr'><strong>οἷς</strong></span> 
     </span>
     <span class='ocr_line' id='line_1_24' title="bbox 103 2689 1134 2779; baseline 0.002 -27"><span class='ocrx_word' id='word_1_204' title='bbox 103 2694 152 2753; x_wconf 78' lang='grc' dir='ltr'><strong>οὐκ</strong></span> <span class='ocrx_word' id='word_1_205' title='bbox 165 2693 269 2756; x_wconf 74' lang='grc' dir='ltr'><strong>ἀκούειν</strong></span> <span class='ocrx_word' id='word_1_206' title='bbox 283 2697 349 2756; x_wconf 77' lang='grc' dir='ltr'>ἀλλ’</span> <span class='ocrx_word' id='word_1_207' title='bbox 365 2693 503 2773; x_wconf 66' lang='grc' dir='ltr'><strong>ἂκοῦεθαη</strong></span> <span class='ocrx_word' id='word_1_208' title='bbox 516 2699 625 2774; x_wconf 78' lang='grc' dir='ltr'><strong>μᾶλλον</strong></span> <span class='ocrx_word' id='word_1_209' title='bbox 639 2696 712 2774; x_wconf 77' lang='grc' dir='ltr'><strong>ἡμῖν,</strong></span> <span class='ocrx_word' id='word_1_210' title='bbox 727 2693 749 2778; x_wconf 61' lang='grc' dir='ltr'><strong>οὲ</strong></span> <span class='ocrx_word' id='word_1_211' title='bbox 763 2689 841 2776; x_wconf 78' lang='grc' dir='ltr'><strong>ἄγειν</strong></span> <span class='ocrx_word' id='word_1_212' title='bbox 854 2695 909 2776; x_wconf 82' lang='grc' dir='ltr'><strong>οὐχ</strong></span> <span class='ocrx_word' id='word_1_213' title='bbox 924 2691 1025 2771; x_wconf 71' lang='grc' dir='ltr'><strong>ἕπεθοιη</strong></span> <span class='ocrx_word' id='word_1_214' title='bbox 1038 2716 1134 2779; x_wconf 76' lang='lat' dir='ltr'><strong>orpor-</strong></span> 
     </span>
     <span class='ocr_line' id='line_1_25' title="bbox 103 2791 1135 2879; baseline 0.002 -25"><span class='ocrx_word' id='word_1_215' title='bbox 103 2796 176 2866; x_wconf 77' lang='grc' dir='ltr'><strong>ηκον.</strong></span> <span class='ocrx_word' id='word_1_216' title='bbox 212 2793 381 2858; x_wconf 82' lang='lat' dir='ltr'><strong>Amatorio</strong></span> <span class='ocrx_word' id='word_1_217' title='bbox 402 2817 434 2878; x_wconf 92' lang='lat' dir='ltr'><strong>p.</strong></span> <span class='ocrx_word' id='word_1_218' title='bbox 452 2797 526 2879; x_wconf 86' lang='lat'><strong>763.</strong></span> <span class='ocrx_word' id='word_1_219' title='bbox 540 2795 573 2858; x_wconf 94' lang='lat' dir='ltr'>D</span> <span class='ocrx_word' id='word_1_220' title='bbox 588 2818 596 2856; x_wconf 74' lang='grc' dir='ltr'><strong>ι</strong></span> <span class='ocrx_word' id='word_1_221' title='bbox 621 2792 771 2878; x_wconf 71' lang='grc' dir='ltr'><strong>φιλοσόφων</strong></span> <span class='ocrx_word' id='word_1_222' title='bbox 785 2791 845 2857; x_wconf 75' lang='grc' dir='ltr'><strong>οὕτε</strong></span> <span class='ocrx_word' id='word_1_223' title='bbox 858 2793 962 2857; x_wconf 77' lang='grc' dir='ltr'><strong>ἀκούειν</strong></span> <span class='ocrx_word' id='word_1_224' title='bbox 974 2792 1135 2878; x_wconf 80' lang='grc' dir='ltr'><strong>ὑπομένοντι,</strong></span> 
     </span>
     <span class='ocr_line' id='line_1_26' title="bbox 102 2891 439 2975; baseline 0.009 -21"><span class='ocrx_word' id='word_1_225' title='bbox 102 2891 164 2955; x_wconf 75' lang='grc' dir='ltr'><strong>οὔτε</strong></span> <span class='ocrx_word' id='word_1_226' title='bbox 178 2893 292 2975; x_wconf 75' lang='grc' dir='ltr'><strong>σονιένοη</strong></span> <span class='ocrx_word' id='word_1_227' title='bbox 306 2895 439 2972; x_wconf 78' lang='grc' dir='ltr'><strong>δύναντοη.</strong></span> 
     </span>
    </p>

    <p class='ocr_par' dir='ltr' id='par_1_4' title="bbox 90 2993 1212 4296">
     <span class='ocr_line' id='line_1_27' title="bbox 147 2993 1136 3078; baseline 0.001 -21"><span class='ocrx_word' id='word_1_228' title='bbox 147 3012 200 3076; x_wconf 83' lang='grc'><strong>39.</strong></span> <span class='ocrx_word' id='word_1_229' title='bbox 216 2995 260 3057; x_wconf 87' lang='lat' dir='ltr'><strong>D.</strong></span> <span class='ocrx_word' id='word_1_230' title='bbox 285 2995 343 3057; x_wconf 79' lang='grc' dir='ltr'><strong>ἔνιοι</strong></span> <span class='ocrx_word' id='word_1_231' title='bbox 365 2993 483 3078; x_wconf 78' lang='grc' dir='ltr'><strong>λέγασιν</strong></span> <span class='ocrx_word' id='word_1_232' title='bbox 504 2993 596 3056; x_wconf 74' lang='lat' dir='ltr'><em>irrisi</em></span> <span class='ocrx_word' id='word_1_233' title='bbox 616 3003 669 3058; x_wconf 80' lang='grc' dir='ltr'><strong>τῶν</strong></span> <span class='ocrx_word' id='word_1_234' title='bbox 681 2994 743 3059; x_wconf 84' lang='grc' dir='ltr'><strong>νεόιν</strong></span> <span class='ocrx_word' id='word_1_235' title='bbox 763 3001 873 3077; x_wconf 68' lang='grc' dir='ltr'><strong>μᾶλλον</strong></span> <span class='ocrx_word' id='word_1_236' title='bbox 891 2997 1087 3077; x_wconf 76' lang='grc' dir='ltr'><strong>ἐκπνευματοῦν</strong></span> <span class='ocrx_word' id='word_1_237' title='bbox 1103 2995 1136 3058; x_wconf 74' lang='lat' dir='ltr'><strong>ri</strong></span> 
     </span>
     <span class='ocr_line' id='line_1_28' title="bbox 104 3091 1136 3185; baseline 0.006 -31"><span class='ocrx_word' id='word_1_238' title='bbox 104 3091 186 3175; x_wconf 75' lang='grc' dir='ltr'><strong>οἴημα</strong></span> <span class='ocrx_word' id='word_1_239' title='bbox 201 3095 223 3180; x_wconf 83' lang='lat' dir='ltr'><strong>’l</strong></span> <span class='ocrx_word' id='word_1_240' title='bbox 236 3097 282 3158; x_wconf 81' lang='grc' dir='ltr'><strong>τὸν</strong></span> <span class='ocrx_word' id='word_1_241' title='bbox 294 3096 430 3180; x_wconf 52' lang='lat' dir='ltr'><strong>eripui-l</strong></span> <span class='ocrx_word' id='word_1_242' title='bbox 449 3094 572 3160; x_wconf 83' lang='lat' dir='ltr'><strong>Platoni</strong></span> <span class='ocrx_word' id='word_1_243' title='bbox 586 3094 656 3159; x_wconf 84' lang='lat' dir='ltr'><strong>haec</strong></span> <span class='ocrx_word' id='word_1_244' title='bbox 669 3117 833 3181; x_wconf 81' lang='lat' dir='ltr'><strong>perperam</strong></span> <span class='ocrx_word' id='word_1_245' title='bbox 849 3095 960 3185; x_wconf 79' lang='lat' dir='ltr'><em>tribuit</em></span> <span class='ocrx_word' id='word_1_246' title='bbox 972 3095 1136 3160; x_wconf 79' lang='lat' dir='ltr'><em>Antonino</em></span> 
     </span>
     <span class='ocr_line' id='line_1_29' title="bbox 106 3195 1137 3282; baseline 0.004 -24"><span class='ocrx_word' id='word_1_247' title='bbox 106 3196 194 3259; x_wconf 88' lang='lat' dir='ltr'><strong>Seut.</strong></span> <span class='ocrx_word' id='word_1_248' title='bbox 218 3218 250 3281; x_wconf 89' lang='lat' dir='ltr'><strong>p.</strong></span> <span class='ocrx_word' id='word_1_249' title='bbox 267 3199 338 3260; x_wconf 89' lang='lat'><strong>160.</strong></span> <span class='ocrx_word' id='word_1_250' title='bbox 356 3218 457 3282; x_wconf 89' lang='lat' dir='ltr'>quum</span> <span class='ocrx_word' id='word_1_251' title='bbox 477 3196 542 3282; x_wconf 87' lang='lat' dir='ltr'><strong>ipsa</strong></span> <span class='ocrx_word' id='word_1_252' title='bbox 564 3196 636 3261; x_wconf 84' lang='lat' dir='ltr'><strong>haec</strong></span> <span class='ocrx_word' id='word_1_253' title='bbox 655 3198 714 3261; x_wconf 77' lang='lat' dir='ltr'><em>sint</em></span> <span class='ocrx_word' id='word_1_254' title='bbox 729 3195 891 3262; x_wconf 83' lang='lat' dir='ltr'>Plutarchi</span> <span class='ocrx_word' id='word_1_255' title='bbox 903 3197 1008 3261; x_wconf 85' lang='lat' dir='ltr'>verba.</span> <span class='ocrx_word' id='word_1_256' title='bbox 1046 3195 1137 3262; x_wconf 71' lang='lat' dir='ltr'>Illius</span> 
     </span>
     <span class='ocr_line' id='line_1_30' title="bbox 93 3296 1137 3385; baseline 0.005 -26"><span class='ocrx_word' id='word_1_257' title='bbox 93 3296 219 3376; x_wconf 82' lang='lat' dir='ltr'><strong>¹socius,</strong></span> <span class='ocrx_word' id='word_1_258' title='bbox 240 3296 403 3362; x_wconf 83' lang='lat' dir='ltr'>Maximus</span> <span class='ocrx_word' id='word_1_259' title='bbox 424 3298 522 3362; x_wconf 80' lang='lat' dir='ltr'><em>simile</em></span> <span class='ocrx_word' id='word_1_260' title='bbox 543 3297 620 3385; x_wconf 89' lang='lat' dir='ltr'>quid</span> <span class='ocrx_word' id='word_1_261' title='bbox 643 3297 749 3384; x_wconf 85' lang='lat' dir='ltr'><strong>prodit</strong></span> <span class='ocrx_word' id='word_1_262' title='bbox 771 3299 827 3364; x_wconf 89' lang='lat' dir='ltr'><strong>sub</strong></span> <span class='ocrx_word' id='word_1_263' title='bbox 846 3297 984 3363; x_wconf 84' lang='lat' dir='ltr'><strong>Socratis</strong></span> <span class='ocrx_word' id='word_1_264' title='bbox 1005 3296 1137 3364; x_wconf 82' lang='lat' dir='ltr'><em>nomine</em></span> 
     </span>
     <span class='ocr_line' id='line_1_31' title="bbox 105 3397 1138 3487; baseline -0.002 -23"><span class='ocrx_word' id='word_1_265' title='bbox 105 3420 139 3484; x_wconf 91' lang='lat' dir='ltr'><strong>p.</strong></span> <span class='ocrx_word' id='word_1_266' title='bbox 152 3415 228 3484; x_wconf 79' lang='lat'><strong>570.</strong></span> <span class='ocrx_word' id='word_1_267' title='bbox 243 3415 277 3465; x_wconf 90' lang='lat' dir='ltr'><strong>et</strong></span> <span class='ocrx_word' id='word_1_268' title='bbox 292 3401 437 3466; x_wconf 86' lang='lat' dir='ltr'><strong>Stobaeus</strong></span> <span class='ocrx_word' id='word_1_269' title='bbox 453 3403 555 3465; x_wconf 88' lang='lat' dir='ltr'>Serm.</span> <span class='ocrx_word' id='word_1_270' title='bbox 573 3403 687 3464; x_wconf 88' lang='lat' dir='ltr'><strong>XXII.</strong></span> <span class='ocrx_word' id='word_1_271' title='bbox 703 3422 736 3486; x_wconf 90' lang='lat' dir='ltr'><strong>p.</strong></span> <span class='ocrx_word' id='word_1_272' title='bbox 749 3402 820 3487; x_wconf 92' lang='lat'><strong>189.</strong></span> <span class='ocrx_word' id='word_1_273' title='bbox 833 3398 884 3474; x_wconf 68' lang='grc' dir='ltr'><strong>τὰς</strong></span> <span class='ocrx_word' id='word_1_274' title='bbox 893 3402 944 3483; x_wconf 72' lang='grc' dir='ltr'><strong>μὲν</strong></span> <span class='ocrx_word' id='word_1_275' title='bbox 958 3397 1033 3474; x_wconf 71' lang='grc' dir='ltr'><strong>κινὲς</strong></span> <span class='ocrx_word' id='word_1_276' title='bbox 1045 3398 1138 3476; x_wconf 72' lang='grc' dir='ltr'><strong>ἀσκὸς</strong></span> 
     </span>
     <span class='ocr_line' id='line_1_32' title="bbox 103 3499 1137 3588; baseline 0.006 -27"><span class='ocrx_word' id='word_1_277' title='bbox 103 3503 135 3563; x_wconf 82' lang='grc' dir='ltr'><strong>τὸ</strong></span> <span class='ocrx_word' id='word_1_278' title='bbox 155 3509 270 3583; x_wconf 68' lang='grc' dir='ltr'><strong>πνεῦμα</strong></span> <span class='ocrx_word' id='word_1_279' title='bbox 289 3501 400 3581; x_wconf 77' lang='grc' dir='ltr'><strong>διΐςησι,</strong></span> <span class='ocrx_word' id='word_1_280' title='bbox 422 3502 483 3576; x_wconf 85' lang='grc' dir='ltr'><strong>τοὺς</strong></span> <span class='ocrx_word' id='word_1_281' title='bbox 503 3502 530 3562; x_wconf 74' lang='lat' dir='ltr'><strong>li</strong></span> <span class='ocrx_word' id='word_1_282' title='bbox 542 3500 655 3578; x_wconf 68' lang='grc' dir='ltr'><strong>ἀνοήτοις</strong></span> <span class='ocrx_word' id='word_1_283' title='bbox 675 3501 819 3588; x_wconf 68' lang='grc' dir='ltr'><strong>ἀνθρώποις</strong></span> <span class='ocrx_word' id='word_1_284' title='bbox 838 3504 870 3565; x_wconf 78' lang='grc' dir='ltr'><strong>τὸ</strong></span> <span class='ocrx_word' id='word_1_285' title='bbox 891 3499 984 3583; x_wconf 75' lang='grc' dir='ltr'><strong>οἴημα.</strong></span> <span class='ocrx_word' id='word_1_286' title='bbox 1018 3501 1137 3587; x_wconf 67' lang='lat' dir='ltr'><em>Timon</em></span> 
     </span>
     <span class='ocr_line' id='line_1_33' title="bbox 106 3600 1136 3692; baseline 0.005 -27"><span class='ocrx_word' id='word_1_287' title='bbox 106 3600 137 3665; x_wconf 90' lang='lat' dir='ltr'><em>in</em></span> <span class='ocrx_word' id='word_1_288' title='bbox 161 3602 246 3692; x_wconf 81' lang='lat' dir='ltr'>Sillis</span> <span class='ocrx_word' id='word_1_289' title='bbox 267 3623 319 3688; x_wconf 89' lang='lat' dir='ltr'><strong>ap.</strong></span> <span class='ocrx_word' id='word_1_290' title='bbox 338 3601 579 3667; x_wconf 87' lang='lat' dir='ltr'><strong>&#39;lheodoretum</strong></span> <span class='ocrx_word' id='word_1_291' title='bbox 599 3603 651 3666; x_wconf 87' lang='lat' dir='ltr'><strong>De</strong></span> <span class='ocrx_word' id='word_1_292' title='bbox 667 3601 810 3668; x_wconf 85' lang='lat' dir='ltr'>Curand.</span> <span class='ocrx_word' id='word_1_293' title='bbox 826 3603 884 3667; x_wconf 91' lang='lat' dir='ltr'><strong>Gr.</strong></span> <span class='ocrx_word' id='word_1_294' title='bbox 901 3602 1018 3668; x_wconf 74' lang='lat' dir='ltr'><strong>Affeot.</strong></span> <span class='ocrx_word' id='word_1_295' title='bbox 1035 3603 1080 3666; x_wconf 94' lang='lat' dir='ltr'><strong>II.</strong></span> <span class='ocrx_word' id='word_1_296' title='bbox 1099 3623 1136 3690; x_wconf 92' lang='lat' dir='ltr'><strong>p.</strong></span> 
     </span>
     <span class='ocr_line' id='line_1_34' title="bbox 105 3701 1212 3793; baseline 0.005 -30"><span class='ocrx_word' id='word_1_297' title='bbox 105 3703 188 3787; x_wconf 87' lang='lat'><strong>489:</strong></span> <span class='ocrx_word' id='word_1_298' title='bbox 212 3703 305 3767; x_wconf 75' lang='grc' dir='ltr'><strong>Ποίαν</strong></span> <span class='ocrx_word' id='word_1_299' title='bbox 324 3703 355 3766; x_wconf 78' lang='grc' dir='ltr'><strong>ἔκ</strong></span> <span class='ocrx_word' id='word_1_300' title='bbox 374 3706 399 3766; x_wconf 88' lang='grc' dir='ltr'><strong>τ’</strong></span> <span class='ocrx_word' id='word_1_301' title='bbox 414 3702 504 3790; x_wconf 74' lang='grc' dir='ltr'><strong>ἒςίδννν</strong></span> <span class='ocrx_word' id='word_1_302' title='bbox 517 3701 564 3784; x_wconf 71' lang='lat' dir='ltr'><strong>noi</strong></span> <span class='ocrx_word' id='word_1_303' title='bbox 585 3705 760 3790; x_wconf 67' lang='grc' dir='ltr'><strong>ὶσχομᾶχιοι</strong></span> <span class='ocrx_word' id='word_1_304' title='bbox 776 3703 950 3782; x_wconf 67' lang='grc' dir='ltr'><strong>ποτλᾶνηθι</strong></span> <span class='ocrx_word' id='word_1_305' title='bbox 966 3703 1136 3793; x_wconf 65' lang='grc' dir='ltr'><strong>Ἄνθρωποι,</strong></span> <span class='ocrx_word' id='word_1_306' title='bbox 1210 3737 1212 3741; x_wconf 96' lang='grc'><strong><em>·</em></strong></span> 
     </span>
     <span class='ocr_line' id='line_1_35' title="bbox 106 3804 1136 3892; baseline 0.009 -29"><span class='ocrx_word' id='word_1_307' title='bbox 106 3810 193 3878; x_wconf 74' lang='grc' dir='ltr'><strong>κενεῇς</strong></span> <span class='ocrx_word' id='word_1_308' title='bbox 207 3807 303 3883; x_wconf 73' lang='grc' dir='ltr'><strong>οἰησιος</strong></span> <span class='ocrx_word' id='word_1_309' title='bbox 319 3804 429 3888; x_wconf 80' lang='grc' dir='ltr'><strong>ἔμπλεοι</strong></span> <span class='ocrx_word' id='word_1_310' title='bbox 444 3805 528 3869; x_wconf 77' lang='grc' dir='ltr'><strong>ιἰσκοῖ</strong></span> <span class='ocrx_word' id='word_1_311' title='bbox 535 3830 545 3886; x_wconf 83' lang='lat'>3</span> <span class='ocrx_word' id='word_1_312' title='bbox 568 3804 656 3892; x_wconf 89' lang='lat' dir='ltr'><strong>quod</strong></span> <span class='ocrx_word' id='word_1_313' title='bbox 671 3804 778 3892; x_wconf 86' lang='lat' dir='ltr'><strong>posuit</strong></span> <span class='ocrx_word' id='word_1_314' title='bbox 790 3807 837 3871; x_wconf 87' lang='lat' dir='ltr'><strong>H.</strong></span> <span class='ocrx_word' id='word_1_315' title='bbox 852 3804 1034 3892; x_wconf 79' lang='lat' dir='ltr'><strong>Stephanus</strong></span> <span class='ocrx_word' id='word_1_316' title='bbox 1049 3809 1136 3877; x_wconf 85' lang='lat' dir='ltr'><strong>Poes.</strong></span> 
     </span>
     <span class='ocr_line' id='line_1_36' title="bbox 108 3891 1138 3993; baseline 0.009 -30"><span class='ocrx_word' id='word_1_317' title='bbox 108 3901 222 3966; x_wconf 87' lang='lat' dir='ltr'><strong>Philos.</strong></span> <span class='ocrx_word' id='word_1_318' title='bbox 237 3891 280 3989; x_wconf 89' lang='lat' dir='ltr'><strong>p.</strong></span> <span class='ocrx_word' id='word_1_319' title='bbox 295 3906 347 3968; x_wconf 89' lang='lat'><strong>61.</strong></span> <span class='ocrx_word' id='word_1_320' title='bbox 370 3895 478 3986; x_wconf 75' lang='grc' dir='ltr'><strong>Οἷημα,</strong></span> <span class='ocrx_word' id='word_1_321' title='bbox 501 3918 535 3969; x_wconf 83' lang='lat' dir='ltr'><strong>et</strong></span> <span class='ocrx_word' id='word_1_322' title='bbox 555 3903 651 3984; x_wconf 78' lang='grc' dir='ltr'><strong>οἴησις,</strong></span> <span class='ocrx_word' id='word_1_323' title='bbox 667 3904 710 3968; x_wconf 83' lang='lat' dir='ltr'><strong>est</strong></span> <span class='ocrx_word' id='word_1_324' title='bbox 718 3903 810 3992; x_wconf 83' lang='lat' dir='ltr'><strong>falsa</strong></span> <span class='ocrx_word' id='word_1_325' title='bbox 822 3903 959 3992; x_wconf 85' lang='lat' dir='ltr'><em>scicntiae</em></span> <span class='ocrx_word' id='word_1_326' title='bbox 977 3904 1084 3993; x_wconf 83' lang='lat' dir='ltr'><em>opinio,</em></span> <span class='ocrx_word' id='word_1_327' title='bbox 1101 3919 1138 3972; x_wconf 77' lang='lat' dir='ltr'><strong>et</strong></span> 
     </span>
     <span class='ocr_line' id='line_1_37' title="bbox 90 4004 1135 4094; baseline 0.001 -27"><span class='ocrx_word' id='word_1_328' title='bbox 90 4004 193 4090; x_wconf 79' lang='lat' dir='ltr'><strong>apud</strong></span> <span class='ocrx_word' id='word_1_329' title='bbox 209 4006 413 4072; x_wconf 85' lang='lat' dir='ltr'>Plutarchum</span> <span class='ocrx_word' id='word_1_330' title='bbox 432 4008 518 4094; x_wconf 90' lang='lat' dir='ltr'><strong>Opp.</strong></span> <span class='ocrx_word' id='word_1_331' title='bbox 534 4007 622 4073; x_wconf 89' lang='lat' dir='ltr'><strong>Mor.</strong></span> <span class='ocrx_word' id='word_1_332' title='bbox 638 4027 671 4091; x_wconf 93' lang='lat' dir='ltr'><strong>p.</strong></span> <span class='ocrx_word' id='word_1_333' title='bbox 682 4024 737 4091; x_wconf 80' lang='lat'><strong>43.</strong></span> <span class='ocrx_word' id='word_1_334' title='bbox 751 4007 790 4070; x_wconf 92' lang='grc' dir='ltr'><strong>Β.</strong></span> <span class='ocrx_word' id='word_1_335' title='bbox 812 4025 866 4086; x_wconf 87' lang='grc'><strong>44.</strong></span> <span class='ocrx_word' id='word_1_336' title='bbox 880 4005 925 4070; x_wconf 88' lang='grc' dir='ltr'><strong>Α.</strong></span> <span class='ocrx_word' id='word_1_337' title='bbox 945 4006 1001 4086; x_wconf 88' lang='lat'><strong>48.</strong></span> <span class='ocrx_word' id='word_1_338' title='bbox 1015 4007 1059 4069; x_wconf 83' lang='lat' dir='ltr'><strong>A.</strong></span> <span class='ocrx_word' id='word_1_339' title='bbox 1081 4006 1135 4090; x_wconf 82' lang='lat'><strong>65.</strong></span> 
     </span>
     <span class='ocr_line' id='line_1_38' title="bbox 108 4105 1137 4193; baseline 0.002 -23"><span class='ocrx_word' id='word_1_340' title='bbox 108 4107 147 4170; x_wconf 93' lang='lat' dir='ltr'><strong>E.</strong></span> <span class='ocrx_word' id='word_1_341' title='bbox 171 4105 223 4168; x_wconf 89' lang='lat'><strong>81.</strong></span> <span class='ocrx_word' id='word_1_342' title='bbox 236 4106 275 4169; x_wconf 90' lang='lat' dir='ltr'><strong>C.</strong></span> <span class='ocrx_word' id='word_1_343' title='bbox 288 4108 326 4170; x_wconf 87' lang='grc' dir='ltr'><strong>Ε.</strong></span> <span class='ocrx_word' id='word_1_344' title='bbox 349 4127 424 4193; x_wconf 88' lang='lat'><strong>999.</strong></span> <span class='ocrx_word' id='word_1_345' title='bbox 434 4109 471 4171; x_wconf 84' lang='lat' dir='ltr'><strong>E.</strong></span> <span class='ocrx_word' id='word_1_346' title='bbox 486 4106 542 4192; x_wconf 89' lang='lat' dir='ltr'><strong>qui</strong></span> <span class='ocrx_word' id='word_1_347' title='bbox 560 4105 651 4171; x_wconf 80' lang='lat' dir='ltr'>locus</span> <span class='ocrx_word' id='word_1_348' title='bbox 664 4127 703 4170; x_wconf 81' lang='lat' dir='ltr'><strong>ex</strong></span> <span class='ocrx_word' id='word_1_349' title='bbox 716 4105 826 4171; x_wconf 82' lang='lat' dir='ltr'>eadem</span> <span class='ocrx_word' id='word_1_350' title='bbox 842 4105 1027 4193; x_wconf 58' lang='lat' dir='ltr'><strong>arrogantior</strong></span> <span class='ocrx_word' id='word_1_351' title='bbox 1040 4118 1137 4193; x_wconf 81' lang='lat' dir='ltr'>atque</span> 
     </span>
     <span class='ocr_line' id='line_1_39' title="bbox 107 4203 1135 4296; baseline 0 -22"><span class='ocrx_word' id='word_1_352' title='bbox 107 4203 218 4274; x_wconf 76' lang='lat' dir='ltr'><strong>utrium</strong></span> <span class='ocrx_word' id='word_1_353' title='bbox 233 4204 470 4296; x_wconf 79' lang='lat' dir='ltr'><strong>comparatione</strong></span> <span class='ocrx_word' id='word_1_354' title='bbox 486 4205 603 4276; x_wconf 72' lang='lat' dir='ltr'><strong>duetus</strong></span> <span class='ocrx_word' id='word_1_355' title='bbox 625 4206 679 4276; x_wconf 82' lang='lat' dir='ltr'><strong>est.</strong></span> <span class='ocrx_word' id='word_1_356' title='bbox 719 4206 902 4274; x_wconf 79' lang='lat' dir='ltr'>Heraclitus</span> <span class='ocrx_word' id='word_1_357' title='bbox 918 4205 1007 4293; x_wconf 84' lang='lat' dir='ltr'><strong>apud</strong></span> <span class='ocrx_word' id='word_1_358' title='bbox 1029 4206 1135 4280; x_wconf 81' lang='lat' dir='ltr'>Maxi·</span> 
     </span>
    </p>
   </div>
   <div class='ocr_carea' id='block_1_3' title="bbox 0 0 1350 4762">
    <p class='ocr_par' dir='ltr' id='par_1_5' title="bbox 0 0 1350 4762">
     <span class='ocr_line' id='line_1_40' title="bbox 0 0 1350 4762; baseline 0 0"><span class='ocrx_word' id='word_1_359' title='bbox 0 0 1350 4762; x_wconf 95' lang='lat' dir='ltr'><strong> </strong></span> 
     </span>
    </p>
   </div>
  </div>
 </body>
</html>
