2684 4762
155 334 216 388 οιο
300 324 339 386 n.
352 326 394 386 w
424 325 632 388 anmanv.
652 326 701 387 ιιι
721 278 950 389 inmunem
970 324 1053 422 tm.

156 486 256 568 diam,
279 487 328 553 vel
351 488 532 555 instaurato.
574 492 681 579 Quam
706 490 739 556 in
756 515 822 557 rem
838 491 911 556 satia
925 512 1015 555 nunc
1040 487 1145 554 nobis
1167 486 1211 552 est

89 632 94 639 ·
156 588 248 655 locos
264 589 467 657 Plutarchcos
486 593 612 681 paginis
627 594 689 659 suis
704 595 832 660 notalle.
870 594 976 682 Igitur
989 594 1033 659 lic
1053 594 1101 659 est
1117 592 1209 679 Opp.

157 689 246 755 Mor.
281 712 313 778 p.
329 695 403 777 655.
419 692 463 755 D.
499 694 574 776 677.
591 694 632 758 C.
665 713 739 780 951.
757 695 796 760 C.
842 695 992 760 vitarum
1017 715 1054 779 p.
1075 711 1156 778 145·
1172 692 1207 757 F.

157 804 234 880 300.
249 793 288 859 Β.
314 809 390 880 342.
407 794 441 858 F.
471 810 547 880 374.
563 796 601 860 B.
630 799 705 882 578.
720 798 759 863 B.
788 798 861 884 783.
878 798 912 862 F.
939 797 1014 880 865.
1030 795 1078 861 D.
1107 808 1206 881 1035.

159 1014 165 1026 ⁴
202 1015 256 1077 40.
272 997 310 1061 E.
334 993 378 1061 Ὃ
399 994 446 1076 καὶ
464 998 588 1062 Πλάτων
608 998 715 1076 ἐποίησε
730 1000 803 1086 πρὸς
820 1000 866 1062 τὸν
884 997 988 1063 Λυσίου
1004 996 1127 1083 λόγια]
1169 996 1207 1061 lu

158 1095 289 1185 dialogo
306 1099 440 1165 Phadro
462 1121 495 1185 p.
508 1120 583 1185 340.
600 1112 634 1164 et
652 1100 716 1188 seq.
760 1101 867 1189 Quem
882 1101 1006 1188 Lysrarn
1021 1120 1091 1164 non
1108 1097 1205 1163 illum

143 1197 301 1264 'nobilem
321 1199 406 1264 inter
423 1199 534 1265 decem
558 1201 708 1266 Oratores
725 1202 865 1281 Atticos,
885 1199 937 1265 sed
960 1199 1063 1264 alium
1082 1220 1204 1286 quem·

159 1299 235 1366 dam
250 1301 418 1388 sophistam
433 1302 506 1382 esse,
526 1303 719 1388 pronunciat
736 1305 767 1370 J.
779 1302 934 1391 Taylorns
949 1301 980 1365 in
997 1301 1080 1366 Vita
1099 1300 1206 1389 Lyae

159 1421 193 1493 p.
208 1417 262 1489 59.
286 1402 417 1489 adjedlis
436 1404 533 1469 etiam
550 1405 646 1469 minin
665 1405 810 1469 adversus
829 1404 1025 1480 dillensurnr,
1048 1403 1137 1466 Eam
1155 1426 1206 1467 or·
1233 1448 1237 1453 -

158 1504 298 1583 orionem,
321 1503 437 1591 inquit,
450 1505 487 1590 st
503 1505 569 1591 quis
593 1506 757 1568 arbitretur
775 1501 917 1594 proficisci
936 1504 1014 1591 pff
1038 1527 1077 1565 ex
1100 1504 1207 1567 eaden

159 1630 251 1670 manu
276 1631 335 1694 quo
360 1607 500 1694 profetica
511 1608 589 1695 sunl
613 1607 768 1672 Orationes
789 1630 862 1694 quas
885 1605 970 1668 bodie
990 1603 1107 1692 publici
1117 1605 1207 1694 juris

148 1708 298 1797 facimus,
317 1733 381 1774 eum
400 1733 457 1774 non
473 1708 559 1797 κρίσει
574 1723 628 1774 our
642 1710 786 1789 acumine,
796 1709 856 1796 sed
870 1706 999 1771 omnibus
1016 1707 1117 1795 potius
1125 1708 1205 1793 serr·

148 1812 238 1900 fibus
260 1813 360 1877 orbum
382 1814 435 1899 effi
451 1813 568 1900 judico.
614 1813 783 1899 Equidem,
806 1835 872 1899 quo
896 1811 964 1875 sum
988 1812 1132 1896 stupore,
1159 1808 1208 1875 nil

157 1937 292 1981 moveor
313 1914 376 1980 hoc
397 1913 599 2004 poppoauxaip,
624 1915 773 2004 maloque
797 1930 908 2007 meum
930 1934 967 1978 ac
989 1910 1094 1976 totius
1116 1910 1206 1975 anti·

161 2017 304 2105 quitatis,
329 2018 507 2083 orationem
531 2017 618 2082 illam
640 2016 740 2102 Lysrac
757 2021 797 2102 τῷ
818 2016 890 2079 πάνυ
907 2012 1093 2092 tribuentis,
1110 2012 1207 2099 judi-

161 2121 249 2185 cium
268 2120 372 2198 tueri,·
386 2143 495 2207 quam,
513 2141 554 2184 eo
576 2118 754 2206 repudiato,
773 2117 901 2204 Taylori
921 2113 1096 2179 vindidlam
1120 2115 1207 2180 effu·

161 2244 249 2308 gere.
301 2221 475 2297 Caeterum,
499 2221 585 2306 quod
606 2220 691 2285 idem
715 2219 909 2284 dodliffimus
934 2217 981 2281 vir
1000 2215 1088 2280 hanc
1112 2239 1209 2304 quae·

162 2322 294 2386 stionem
310 2323 528 2386 communicat
543 2344 617 2386 cum
633 2322 694 2385 alia
711 2321 752 2385 de
770 2322 1009 2408 Epigrammate
1025 2318 1057 2383 in
1077 2320 1208 2407 Lysiam

162 2425 284 2489 servato
305 2425 337 2487 in
361 2424 445 2487 Vitis
466 2425 496 2488 X
512 2424 698 2503 Oratorum,
722 2425 806 2489 inter
824 2445 921 2510 opera
940 2421 1107 2486 Plutarchi
1126 2423 1209 2488 Mo·

157 2527 241 2591 'ralia
262 2550 294 2612 p.
311 2527 384 2614 836.
402 2527 450 2592 C:
476 2550 534 2591 nos
556 2527 685 2612 quidem
708 2526 788 2590 illud
810 2526 1017 2614 Epigramma
1036 2524 1209 2589 verilimil-

162 2626 240 2694 lime
253 2626 398 2692 videmur
412 2627 452 2691 ad
472 2627 617 2713 Lyfidem
634 2626 873 2714 Pythagoreum
888 2624 1035 2691 retuliss'e.

163 2833 330 2916 σκαψεμ]
357 2831 407 2894 Do
431 2829 577 2916 Olyntho
597 2830 712 2893 urbca
735 2829 893 2914 Philippu,
909 2826 1084 2892 Alexandri
1101 2841 1211 2912 patre,

165 2935 281 3013 eversa,
297 2931 402 3019 plcnae
418 2933 489 2996 sunt
504 2932 672 2997 Orationes
696 2931 932 3017 Demosthenis,
957 2929 1053 3015 plena
1074 2928 1212 2994 illorum

164 3048 346 3121 temporum
363 3049 584 3098 monumenta.
630 3033 762 3097 Dictum
784 3030 1018 3096 Lacedaemonii
1033 3030 1213 3116 aliquoties

164 3136 353 3201 memoravit
370 3135 568 3201 Plutarchus.
606 3136 643 3200 ln
660 3135 908 3220 Apophtlregm.
925 3137 1001 3198 Lac.
1022 3153 1055 3217 p.
1073 3148 1152 3217 215.
1170 3134 1210 3198 B.

165 3239 277 3304 auctor
291 3238 436 3324 proditur
450 3236 648 3323 Agefipolis:
672 3237 855 3321 Ἀγησίπολις
873 3241 885 3298 ό
901 3232 1099 3321 Κλεομὸςότε,
1117 3236 1211 3299 εἰπόν-

155 3363 211 3414 ·τος
224 3343 294 3414 τινὸς
310 3338 349 3402 ὅτι
364 3338 504 3413 Φῖλιππος
518 3341 544 3401 ἒν
558 3337 668 3422 ὀλίγαις
681 3336 791 3424 ἡμέραις
801 3336 941 3400 Ὄλυνθον
954 3334 1137 3416 κατέσκαψε,
1153 3342 1211 3400 Md

163 3438 215 3514 σῖις
227 3441 316 3517 θεοὺς,
332 3438 413 3516 εἶπεν,
430 3437 519 3516 ἄλλην
532 3438 658 3515 τοιαύτην
678 3441 703 3501 ἐν
723 3436 945 3500 πολλαπλασίονι
958 3433 1051 3520 χρόνῳ
1065 3438 1116 3496 οὐκ
1132 3441 1210 3499 nixo·

150 3540 287 3623 'leptim
324 3540 375 3604 Dc
399 3542 450 3603 Ira
462 3540 580 3603 Cohib.
602 3561 635 3624 p.
650 3540 725 3623 458.
742 3541 789 3603 B:
819 3541 860 3601 ἐπὶ
881 3546 929 3601 τοῦ
947 3537 1077 3601 (Datim
1091 3564 1136 3614 τις
1152 3541 1211 3603 εἶτα

152 3642 406 3716 ’κατασκάψαντος
422 3640 574 3719 Ὄλυνθον,
595 3644 679 3706 Ἀλλ’
701 3646 749 3704 οὐκ
768 3641 801 3703 alr
823 3641 924 3716 olxlror
942 3668 978 3726 γε
999 3641 1089 3705 σι’λιν
1110 3646 1212 3722 ἐκεῖνος

168 3745 275 3809 δύναιτο
296 3745 475 3821 τηλικαύτην·
504 3743 559 3807 ubi
584 3744 692 3819 Moses
714 3743 850 3807 Solanus
875 3743 926 3807 ed.
947 3744 1066 3829 Bryan.
1089 3745 1130 3809 Τ.
1150 3748 1210 3813 IV.

166 3865 201 3934 p.
210 3850 285 3932 567.
302 3844 432 3932 corrigit
444 3844 591 3925 ἀνοικίσαι,
602 3844 782 3909 mutatione
793 3845 900 3908 minus
911 3843 1089 3909 necessaria.
1115 3846 1211 3913 Idem

165 3950 290 4014 dixerat
315 3947 355 4012 de
381 3946 566 4012 difficultate
591 3947 677 4012 urbis
702 3945 901 4011 restituenda
927 3946 1081 4011 Pindarus
1110 3951 1209 4037 Pyth.

167 4052 226 4115 IV.
241 4052 326 4133 484:
360 4049 463 4135 Ῥᾴδιον
483 4049 533 4130 μὲν
554 4052 611 4134 γὰρ
633 4048 720 4112 πόλιν
738 4052 830 4127 σεῖσαι
848 4047 894 4128 κα)
911 4047 1114 4136 ἀφαυροτέροις·
1141 4056 1211 4117 ἀλλ’

166 4153 209 4215 lai
230 4153 330 4239 χώρας
356 4150 435 4225 αὖθις
457 4149 549 4230 ἕσσας,
578 4152 714 4225 δυσπαλὲς
737 4155 779 4228 Ari
801 4150 907 4234 γίνετας
929 4150 1068 4227 ἐξαπίνας.
1107 4152 1212 4239 Quod

165 4273 240 4318 tero
254 4253 390 4318 Solauua
404 4253 518 4319 urbem
537 4248 713 4317 restitutam
728 4264 762 4318 et
780 4251 947 4319 Ciceronis
961 4263 1057 4317 atate
1070 4253 1212 4320 floruilic
