2684 4762
149 317 190 374 56
231 313 437 375 ANIMADV.
450 314 499 373 IN
512 313 587 374 LIB.
598 311 654 374 DE
665 313 839 375 EDUCAT.
852 312 1088 375 PUERORUM.

559 637 678 710 CAP.
711 647 756 710 II.

146 791 201 854 'De
225 790 380 856 Verborum
400 791 615 880 Nominumque
626 790 859 878 fignificatione,
881 787 1088 876 composttione,
1099 786 1173 872 for-
1198 867 1203 880 ι

510 892 610 974 mulis,
625 892 808 958 dictionibus.

192 1079 305 1144 Altera
318 1079 469 1144 orationis
483 1101 555 1165 pars
569 1102 633 1143 non
654 1079 685 1142 in
707 1078 777 1164 ipsis
791 1099 848 1164 per
867 1078 897 1141 se
913 1076 984 1140 solis
998 1074 1102 1140 verbis
1117 1097 1173 1138 iio·

151 1178 361 1265 minibusque,
377 1179 428 1243 sed
443 1180 475 1242 in
490 1202 601 1243 eorum
615 1193 648 1243 et
662 1179 886 1264 fignificatione
899 1191 933 1242 et
947 1176 1031 1241 inter
1051 1177 1082 1240 se
1097 1197 1175 1240 coii-

145 1279 325 1364 junstione,
341 1278 431 1343 idest
445 1279 590 1344 formulis
603 1302 641 1344 ac
655 1263 857 1358 dislionibus,
873 1279 1023 1343 cernitur.
1052 1339 1055 1343 .
1067 1278 1175 1362 Atque

152 1379 215 1444 hoc
229 1379 261 1442 iri
276 1380 348 1445 loco
362 1380 463 1445 multa
477 1403 553 1446 cum
571 1403 665 1467 prava
684 1394 716 1445 et
736 1381 842 1445 minus
857 1382 966 1465 proba,
982 1394 1053 1443 tuni
1068 1402 1088 1445 a
1103 1378 1175 1443 Plu·

151 1481 253 1545 tarchi
269 1481 335 1545 stilo
349 1482 462 1560 aliena,
477 1482 680 1567 reperiemus.
726 1482 912 1549 Plutarchus
927 1482 1023 1545 habet
1038 1480 1091 1545 ille
1105 1480 1176 1566 qui·

152 1582 225 1644 dem
247 1581 378 1647 subinde
399 1583 516 1647 rariora
538 1606 558 1647 a
578 1583 699 1670 vulgari
717 1584 774 1647 usu
796 1596 918 1646 remota
938 1581 1104 1658 vocabula,
1127 1578 1179 1644 sed

152 1703 217 1743 non
231 1693 270 1743 ut
289 1703 326 1745 ea
347 1682 478 1746 studiose
492 1698 623 1768 quaerat,
639 1682 690 1747 sed
713 1697 749 1746 ut
764 1704 819 1768 per
834 1681 1019 1766 multiplicis
1032 1679 1176 1744 lestionis

111 1779 115 1787 ’
151 1780 364 1868 dostiinteque
377 1782 606 1847 abundantiam
627 1783 733 1847 oblata
754 1781 899 1868 accipiat,
914 1780 1003 1865 etad
1015 1779 1178 1861 sententiae

151 1882 215 1946 suae
228 1881 291 1946 vim
305 1880 538 1970 efficaciamque
552 1882 773 1950 accommodet
781 1908 791 1962 ;
814 1880 959 1950 cuidem
968 1879 1113 1966 sequitur
1126 1901 1177 1942 ra·

150 1982 271 2047 tionem
288 1983 540 2068 acprudent'iam
561 1984 594 2048 iii
616 1982 760 2049 formulis
778 2005 815 2046 ac
829 1980 1033 2047 dislioiiibus.
1068 1977 1177 2064 Scrip-

153 2096 204 2148 tor
221 2084 318 2148 libelli
338 2084 432 2171 hujus
452 2084 549 2154 inhia
566 2084 716 2151 orationis
730 2083 872 2170 partibus
892 2081 956 2146 sere
977 2082 1039 2145 fine
1053 2079 1177 2167 judicio

152 2183 349 2271 exquisitiora
366 2208 502 2271 quaeque
523 2198 556 2250 et
577 2185 716 2270 argutias
735 2183 940 2248 confestatur.
985 2178 1179 2268 Hujusiuodi

153 2287 243 2348 sunt:
955 2344 958 2352 .
1057 2342 1060 2349 .

196 2388 230 2449 P.
248 2406 275 2448 1.
293 2385 342 2450 C:
364 2386 565 2470 μεγαλαυχίας
587 2386 771 2467 ἐμπίπλανται(
791 2387 813 2471 a}
835 2386 1031 2471 φρυάγματοςτ
1060 2386 1177 2471 postte·

153 2509 244 2550 nium
267 2486 329 2550 hoe
351 2486 482 2573 arripuit
503 2498 540 2549 ut
563 2478 723 2551 sonantius
735 2500 773 2549 et
797 2487 948 2562 ornatius,
971 2507 1028 2570 pro
1049 2485 1178 2570 simplici

151 2585 208 2651 illo
220 2587 396 2673 φρονήματος,
411 2587 498 2673 quod
513 2587 614 2668 Plato,
630 2610 725 2672 quem
740 2586 857 2650 imitari
871 2586 933 2650 hoc
954 2585 1027 2648 loco
1043 2586 1176 2666 videtur,

152 2688 267 2773 aliique
280 2687 494 2773 frequentant.
1086 2754 1088 2758 Α

197 2788 345 2857 lbid.‚D:
369 2794 469 2873 μικρὰν
487 2791 517 2850 τὸ
535 2789 672 2873 μέγεθοςι
696 2790 848 2875 nusquam
869 2788 947 2855 dixit
970 2787 1176 2852 Plutarchus:

153 2882 375 2955 Herodoteum
396 2892 450 2970 cst,
473 2891 610 2977 indeque
629 2891 791 2977 Sophistis,
811 2892 949 2956 maxime
965 2890 1096 2955 AEliano
1115 2890 1177 2953 fre·

154 3002 356 3077 quentatum.
401 2993 588 3069 Plutarchus
609 2995 677 3060 Vit.
692 2993 810 3081 Agefil.
831 3015 865 3079 p.
879 2995 955 3079 596.
971 2996 1005 3058 F.
1030 2991 1113 3056 dixit
1129 3020 1177 3073 pi·
1209 2984 1214 2993 ¹

154 3097 221 3178 apulo
234 3092 274 3158 de
289 3094 350 3160 hac
362 3094 438 3181 ipsa.

196 3195 232 3259 Ρ.
246 3215 277 3262 2.
293 3196 329 3260 F.
347 3194 516 3280 ¹Repetitio
530 3194 670 3282 ejusdem
684 3195 794 3258 sormae
814 3193 871 3273 Kal
883 3195 912 3258 el
925 3197 960 3257 δεῖ
973 3198 998 3256 τ’
1013 3193 1092 3257 ἄλλα
1105 3200 1176 3258 θαυ-

152 3296 257 3377 μάζειν·
281 3309 314 3362 et
333 3318 419 3374 mox,
441 3292 498 3375 Kal
515 3295 544 3358 sl
563 3298 597 3359 ta·
616 3278 653 3359 τἀὶ
671 3299 773 3359 πολλὰ
786 3293 889 3378 λέγειν,
909 3317 928 3358 e
949 3297 1091 3379 perverso
1112 3294 1177 3359 elc-

153 3396 334 3480 gautiarum
356 3396 456 3463 studio
473 3396 625 3482 profesta.
668 3394 723 3458 Ad
737 3395 799 3459 hoc
813 3416 916 3480 genus
929 3393 1092 3458 reserenda
1106 3396 1177 3459 sunt

154 3508 264 3572 notata
285 3497 376 3580 supra
399 3499 480 3567 Part.
498 3500 524 3561 Ι.
549 3498 629 3581 Cap.
645 3498 688 3559 II.
712 3499 740 3580 ᾖ.
757 3515 796 3575 23
819 3517 931 3560 necea
951 3518 1036 3560 nunc
1052 3509 1176 3580 repete-

155 3616 238 3657 mus.
1172 3628 1177 3661 ι

198 3697 232 3760 Ρ.
245 3714 278 3780 3.
293 3699 344 3761 A:
367 3701 438 3785 πρὸς
456 3702 550 3784 ἀρετῆς
569 3699 679 3775 utaris:
703 3697 860 3782 ineptum,
876 3709 912 3760 ut
927 3695 1051 3760 doslius
1066 3696 1175 3782 exqui-

154 3796 299 3885 sitiusque
324 3799 512 3882 susceptum,
540 3818 597 3883 pro
619 3797 749 3883 simplici
771 3799 842 3884 πρὸς
866 3801 960 3884 ἀρετῆς
983 3803 1095 3873 xristu:
1123 3797 1175 3860 nili

155 3897 237 3963 sorte
255 3900 298 3963 ita
317 3898 431 3983 scripfit
451 3897 579 3961 austor:
604 3898 656 3962 sed
675 3897 801 3961 difficile
821 3897 863 3960 est
879 3897 1022 3982 judicare
1042 3898 1073 3960 in
1094 3897 1175 3983 ejus·

156 3999 242 4062 modi
264 3998 441 4082 scriptione,
462 3997 548 4083 quod
571 3997 681 4062 vitium
703 3996 836 4074 austun,
851 3997 938 4082 quod
958 3996 1095 4077 librario,
1119 3998 1175 4062 tri·

155 4099 299 4161 buamuS.

199 4197 232 4258 P.
245 4212 277 4277 5.
293 4194 332 4260 C.
356 4203 368 4259 ὄ
383 4199 473 4272 πολὺς
487 4204 597 4272 mailros
610 4201 709 4273 σκοπὸς
724 4197 839 4276 ἔκκειται
858 4202 912 4274 τοῖς
925 4197 1086 4280 salopsire&
1099 4200 1177 4279 βαλ·
