<?xml version="1.0" encoding="UTF-8"?>
<!DOCTYPE html PUBLIC "-//W3C//DTD XHTML 1.0 Transitional//EN"
    "http://www.w3.org/TR/xhtml1/DTD/xhtml1-transitional.dtd">
<html xmlns="http://www.w3.org/1999/xhtml" xml:lang="en" lang="en">
 <head>
  <title>
</title>
<meta http-equiv="Content-Type" content="text/html;charset=utf-8" />
  <meta name='ocr-system' content='tesseract 3.04.00' />
  <meta name='ocr-capabilities' content='ocr_page ocr_carea ocr_par ocr_line ocrx_word'/>
</head>
<body>
  <div class='ocr_page' id='page_1' title='image "./plutarchichaero15plutgoog_0333.png"; bbox 0 0 2684 4762; ppageno 0'>
   <div class='ocr_carea' id='block_1_1' title="bbox 230 364 1122 463">
    <p class='ocr_par' dir='ltr' id='par_1_1' title="bbox 230 364 1122 463">
     <span class='ocr_line' id='line_1_1' title="bbox 230 364 1122 463; baseline 0.003 -37"><span class='ocrx_word' id='word_1_1' title='bbox 230 364 284 463; x_wconf 62' lang='lat' dir='ltr'>llll.</span> <span class='ocrx_word' id='word_1_2' title='bbox 298 367 429 426; x_wconf 83' lang='lat' dir='ltr'>RECTA</span> <span class='ocrx_word' id='word_1_3' title='bbox 442 366 646 428; x_wconf 85' lang='lat' dir='ltr'>AUDIENDI</span> <span class='ocrx_word' id='word_1_4' title='bbox 660 365 849 427; x_wconf 81' lang='lat' dir='ltr'><strong>RATIONE.</strong></span> <span class='ocrx_word' id='word_1_5' title='bbox 861 366 988 444; x_wconf 48' lang='lat' dir='ltr'>pauli.</span> <span class='ocrx_word' id='word_1_6' title='bbox 1064 375 1122 429; x_wconf 76' lang='lat'>823</span> 
     </span>
    </p>
   </div>
   <div class='ocr_carea' id='block_1_2' title="bbox 81 524 1136 4373">
    <p class='ocr_par' dir='ltr' id='par_1_2' title="bbox 81 524 1129 2930">
     <span class='ocr_line' id='line_1_2' title="bbox 136 524 1123 619; baseline 0.006 -30"><span class='ocrx_word' id='word_1_7' title='bbox 136 525 192 609; x_wconf 80' lang='lat'>38.</span> <span class='ocrx_word' id='word_1_8' title='bbox 204 524 242 591; x_wconf 86' lang='lat' dir='ltr'>E.</span> <span class='ocrx_word' id='word_1_9' title='bbox 263 535 318 605; x_wconf 83' lang='grc' dir='ltr'><strong><em>τοῖς</em></strong></span> <span class='ocrx_word' id='word_1_10' title='bbox 331 531 381 612; x_wconf 75' lang='grc' dir='ltr'>μὲν</span> <span class='ocrx_word' id='word_1_11' title='bbox 395 531 623 619; x_wconf 48' lang='grc' dir='ltr'><strong><em>σφαιςίζοσιμ]</em></strong></span> <span class='ocrx_word' id='word_1_12' title='bbox 651 528 811 594; x_wconf 85' lang='lat' dir='ltr'>Sermonis</span> <span class='ocrx_word' id='word_1_13' title='bbox 827 530 980 609; x_wconf 88' lang='lat' dir='ltr'>officium,</span> <span class='ocrx_word' id='word_1_14' title='bbox 996 527 1123 595; x_wconf 86' lang='lat' dir='ltr'>vicillim</span> 
     </span>
     <span class='ocr_line' id='line_1_3' title="bbox 95 622 1121 718; baseline 0.005 -30"><span class='ocrx_word' id='word_1_15' title='bbox 95 622 231 692; x_wconf 83' lang='lat' dir='ltr'>dic&#39;endo</span> <span class='ocrx_word' id='word_1_16' title='bbox 253 643 287 694; x_wconf 91' lang='lat' dir='ltr'>et</span> <span class='ocrx_word' id='word_1_17' title='bbox 306 631 464 696; x_wconf 86' lang='lat' dir='ltr'>audiendo</span> <span class='ocrx_word' id='word_1_18' title='bbox 482 631 711 718; x_wconf 86' lang='lat' dir='ltr'>peragendum,</span> <span class='ocrx_word' id='word_1_19' title='bbox 727 629 856 694; x_wconf 85' lang='lat' dir='ltr'>subinde</span> <span class='ocrx_word' id='word_1_20' title='bbox 877 632 1009 695; x_wconf 85' lang='lat' dir='ltr'><strong>Veteres</strong></span> <span class='ocrx_word' id='word_1_21' title='bbox 1031 651 1121 696; x_wconf 91' lang='lat' dir='ltr'>com·</span> 
     </span>
     <span class='ocr_line' id='line_1_4' title="bbox 95 731 1121 819; baseline 0.001 -26"><span class='ocrx_word' id='word_1_22' title='bbox 95 743 243 814; x_wconf 83' lang='lat' dir='ltr'>pararunt</span> <span class='ocrx_word' id='word_1_23' title='bbox 265 753 337 795; x_wconf 91' lang='lat' dir='ltr'>cum</span> <span class='ocrx_word' id='word_1_24' title='bbox 355 733 428 818; x_wconf 82' lang='lat' dir='ltr'>pilae</span> <span class='ocrx_word' id='word_1_25' title='bbox 446 732 527 813; x_wconf 89' lang='lat' dir='ltr'>lusu,</span> <span class='ocrx_word' id='word_1_26' title='bbox 544 734 598 819; x_wconf 94' lang='lat' dir='ltr'>qui</span> <span class='ocrx_word' id='word_1_27' title='bbox 614 733 690 796; x_wconf 87' lang='lat' dir='ltr'>item</span> <span class='ocrx_word' id='word_1_28' title='bbox 708 731 827 795; x_wconf 86' lang='lat' dir='ltr'>mutuis</span> <span class='ocrx_word' id='word_1_29' title='bbox 841 731 1020 811; x_wconf 90' lang='lat' dir='ltr'>emittendi,</span> <span class='ocrx_word' id='word_1_30' title='bbox 1035 731 1121 796; x_wconf 88' lang='lat' dir='ltr'>exci-</span> 
     </span>
     <span class='ocr_line' id='line_1_5' title="bbox 95 829 1121 919; baseline 0.005 -26"><span class='ocrx_word' id='word_1_31' title='bbox 95 829 202 916; x_wconf 87' lang='lat' dir='ltr'>piendi</span> <span class='ocrx_word' id='word_1_32' title='bbox 222 834 364 917; x_wconf 89' lang='lat' dir='ltr'>partibus</span> <span class='ocrx_word' id='word_1_33' title='bbox 380 835 573 898; x_wconf 84' lang='lat' dir='ltr'>continetur.</span> <span class='ocrx_word' id='word_1_34' title='bbox 611 835 719 919; x_wconf 85' lang='lat' dir='ltr'>Atque</span> <span class='ocrx_word' id='word_1_35' title='bbox 733 833 771 896; x_wconf 87' lang='lat' dir='ltr'>fic</span> <span class='ocrx_word' id='word_1_36' title='bbox 789 832 976 896; x_wconf 73' lang='lat' dir='ltr'><strong>Plutarchus</strong></span> <span class='ocrx_word' id='word_1_37' title='bbox 997 854 1072 897; x_wconf 84' lang='lat' dir='ltr'>mox</span> <span class='ocrx_word' id='word_1_38' title='bbox 1088 855 1121 919; x_wconf 90' lang='lat' dir='ltr'>p.</span> 
     </span>
     <span class='ocr_line' id='line_1_6' title="bbox 95 934 1121 1023; baseline 0.002 -27"><span class='ocrx_word' id='word_1_39' title='bbox 95 952 149 1016; x_wconf 85' lang='lat'>45.</span> <span class='ocrx_word' id='word_1_40' title='bbox 165 935 204 996; x_wconf 87' lang='grc' dir='ltr'>Ε.</span> <span class='ocrx_word' id='word_1_41' title='bbox 243 934 434 1000; x_wconf 87' lang='lat' dir='ltr'>Imitationis</span> <span class='ocrx_word' id='word_1_42' title='bbox 455 937 637 1023; x_wconf 83' lang='lat' dir='ltr'>exemplum</span> <span class='ocrx_word' id='word_1_43' title='bbox 660 938 755 1001; x_wconf 80' lang='lat' dir='ltr'>exstat</span> <span class='ocrx_word' id='word_1_44' title='bbox 776 936 809 999; x_wconf 90' lang='lat' dir='ltr'>in</span> <span class='ocrx_word' id='word_1_45' title='bbox 835 935 977 1014; x_wconf 89' lang='lat' dir='ltr'>Platone,</span> <span class='ocrx_word' id='word_1_46' title='bbox 996 935 1121 1022; x_wconf 85' lang='lat' dir='ltr'>Euthy-</span> 
     </span>
     <span class='ocr_line' id='line_1_7' title="bbox 95 1030 1124 1126; baseline 0.002 -30"><span class='ocrx_word' id='word_1_47' title='bbox 95 1030 191 1099; x_wconf 87' lang='lat' dir='ltr'>demo</span> <span class='ocrx_word' id='word_1_48' title='bbox 211 1057 243 1121; x_wconf 88' lang='lat' dir='ltr'>p.</span> <span class='ocrx_word' id='word_1_49' title='bbox 260 1054 333 1121; x_wconf 85' lang='lat'><strong>217.</strong></span> <span class='ocrx_word' id='word_1_50' title='bbox 350 1040 376 1102; x_wconf 93' lang='lat' dir='ltr'><strong>B</strong></span> <span class='ocrx_word' id='word_1_51' title='bbox 391 1063 398 1102; x_wconf 93' lang='lat'>:</span> <span class='ocrx_word' id='word_1_52' title='bbox 423 1038 469 1119; x_wconf 64' lang='lat' dir='ltr'>nol</span> <span class='ocrx_word' id='word_1_53' title='bbox 482 1046 494 1102; x_wconf 80' lang='grc' dir='ltr'><strong>ὁ</strong></span> <span class='ocrx_word' id='word_1_54' title='bbox 509 1040 704 1126; x_wconf 67' lang='grc' dir='ltr'><strong><em>Διονυσόδωρος</em></strong></span> <span class='ocrx_word' id='word_1_55' title='bbox 716 1036 806 1125; x_wconf 62' lang='grc' dir='ltr'><strong><em>ὥσπερ</em></strong></span> <span class='ocrx_word' id='word_1_56' title='bbox 821 1041 939 1124; x_wconf 67' lang='grc' dir='ltr'><strong><em>σφαῖραν</em></strong></span> <span class='ocrx_word' id='word_1_57' title='bbox 953 1036 1124 1118; x_wconf 75' lang='grc' dir='ltr'>ἐκδεξάμενος</span> 
     </span>
     <span class='ocr_line' id='line_1_8' title="bbox 94 1138 1123 1230; baseline 0.002 -31"><span class='ocrx_word' id='word_1_58' title='bbox 94 1138 140 1200; x_wconf 74' lang='lat' dir='ltr'>riv</span> <span class='ocrx_word' id='word_1_59' title='bbox 161 1140 245 1223; x_wconf 79' lang='grc' dir='ltr'><strong><em>λόγον</em></strong></span> <span class='ocrx_word' id='word_1_60' title='bbox 265 1143 358 1205; x_wconf 68' lang='grc' dir='ltr'><strong><em>πάλιν</em></strong></span> <span class='ocrx_word' id='word_1_61' title='bbox 377 1144 526 1228; x_wconf 76' lang='grc' dir='ltr'><strong><em>ἒςοχᾶζοτο</em></strong></span> <span class='ocrx_word' id='word_1_62' title='bbox 547 1150 594 1205; x_wconf 82' lang='grc' dir='ltr'>τοῦ</span> <span class='ocrx_word' id='word_1_63' title='bbox 607 1142 746 1230; x_wconf 68' lang='grc' dir='ltr'>μειρακίον.</span> <span class='ocrx_word' id='word_1_64' title='bbox 782 1142 856 1204; x_wconf 85' lang='lat' dir='ltr'>Hoc</span> <span class='ocrx_word' id='word_1_65' title='bbox 880 1154 913 1204; x_wconf 86' lang='lat' dir='ltr'>et</span> <span class='ocrx_word' id='word_1_66' title='bbox 932 1138 1058 1202; x_wconf 87' lang='lat' dir='ltr'>secutus</span> <span class='ocrx_word' id='word_1_67' title='bbox 1081 1138 1123 1202; x_wconf 82' lang='lat' dir='ltr'>est</span> 
     </span>
     <span class='ocr_line' id='line_1_9' title="bbox 94 1237 1122 1329; baseline -0.004 -25"><span class='ocrx_word' id='word_1_68' title='bbox 94 1238 239 1305; x_wconf 80' lang='lat' dir='ltr'>Julianus</span> <span class='ocrx_word' id='word_1_69' title='bbox 254 1243 350 1328; x_wconf 83' lang='lat' dir='ltr'>Epist.</span> <span class='ocrx_word' id='word_1_70' title='bbox 366 1244 453 1308; x_wconf 89' lang='lat' dir='ltr'><strong>LIV.</strong></span> <span class='ocrx_word' id='word_1_71' title='bbox 470 1265 503 1329; x_wconf 90' lang='lat' dir='ltr'>p.</span> <span class='ocrx_word' id='word_1_72' title='bbox 514 1263 589 1324; x_wconf 90' lang='lat'>440.</span> <span class='ocrx_word' id='word_1_73' title='bbox 606 1243 655 1307; x_wconf 91' lang='lat' dir='ltr'>C:</span> <span class='ocrx_word' id='word_1_74' title='bbox 679 1241 758 1315; x_wconf 67' lang='grc' dir='ltr'><strong><em>αὖθις</em></strong></span> <span class='ocrx_word' id='word_1_75' title='bbox 774 1245 809 1315; x_wconf 86' lang='grc' dir='ltr'>είς</span> <span class='ocrx_word' id='word_1_76' title='bbox 822 1243 869 1318; x_wconf 76' lang='grc' dir='ltr'>τὴν</span> <span class='ocrx_word' id='word_1_77' title='bbox 881 1244 958 1327; x_wconf 64' lang='grc' dir='ltr'>παρὰ</span> <span class='ocrx_word' id='word_1_78' title='bbox 972 1246 1021 1302; x_wconf 84' lang='grc' dir='ltr'>σοῦ</span> <span class='ocrx_word' id='word_1_79' title='bbox 1034 1237 1122 1325; x_wconf 77' lang='grc' dir='ltr'><strong><em>σφίσ-</em></strong></span> 
     </span>
     <span class='ocr_line' id='line_1_10' title="bbox 96 1341 1121 1432; baseline -0.001 -28"><span class='ocrx_word' id='word_1_80' title='bbox 96 1354 204 1421; x_wconf 86' lang='grc' dir='ltr'><strong><em>ιιλησιν,</em></strong></span> <span class='ocrx_word' id='word_1_81' title='bbox 224 1343 258 1426; x_wconf 89' lang='lat' dir='ltr'>(f.</span> <span class='ocrx_word' id='word_1_82' title='bbox 274 1344 443 1430; x_wconf 74' lang='grc' dir='ltr'><strong><em>ωρίκλησιν)</em></strong></span> <span class='ocrx_word' id='word_1_83' title='bbox 468 1345 539 1409; x_wconf 80' lang='grc' dir='ltr'><strong><em>οἱονεί</em></strong></span> <span class='ocrx_word' id='word_1_84' title='bbox 557 1345 674 1432; x_wconf 77' lang='grc' dir='ltr'><strong><em>σφαίρας</em></strong></span> <span class='ocrx_word' id='word_1_85' title='bbox 690 1345 774 1424; x_wconf 79' lang='grc' dir='ltr'><strong><em>δίκην,</em></strong></span> <span class='ocrx_word' id='word_1_86' title='bbox 787 1345 819 1408; x_wconf 75' lang='grc' dir='ltr'>τὸ</span> <span class='ocrx_word' id='word_1_87' title='bbox 833 1343 890 1407; x_wconf 78' lang='grc' dir='ltr'><strong><em>ἴσον</em></strong></span> <span class='ocrx_word' id='word_1_88' title='bbox 903 1341 1121 1423; x_wconf 74' lang='grc' dir='ltr'><strong><em>ἂντιπέμπομενε</em></strong></span> 
     </span>
     <span class='ocr_line' id='line_1_11' title="bbox 94 1442 1125 1531; baseline -0.002 -25"><span class='ocrx_word' id='word_1_89' title='bbox 94 1455 129 1506; x_wconf 81' lang='lat' dir='ltr'>et</span> <span class='ocrx_word' id='word_1_90' title='bbox 152 1442 303 1510; x_wconf 80' lang='lat' dir='ltr'>Libanlus</span> <span class='ocrx_word' id='word_1_91' title='bbox 330 1446 426 1531; x_wconf 80' lang='lat' dir='ltr'>Epist.</span> <span class='ocrx_word' id='word_1_92' title='bbox 453 1446 635 1511; x_wconf 89' lang='lat' dir='ltr'>DCCCLl.</span> <span class='ocrx_word' id='word_1_93' title='bbox 663 1445 744 1531; x_wconf 74' lang='lat' dir='ltr'>’Eyvl</span> <span class='ocrx_word' id='word_1_94' title='bbox 767 1447 818 1528; x_wconf 78' lang='grc' dir='ltr'>μὲν</span> <span class='ocrx_word' id='word_1_95' title='bbox 839 1448 874 1519; x_wconf 76' lang='grc' dir='ltr'>ὥς</span> <span class='ocrx_word' id='word_1_96' title='bbox 901 1442 978 1506; x_wconf 79' lang='grc' dir='ltr'><strong><em>είὸίτι</em></strong></span> <span class='ocrx_word' id='word_1_97' title='bbox 1003 1442 1125 1522; x_wconf 69' lang='grc' dir='ltr'><strong><em>ὃίξαθας</em></strong></span> 
     </span>
     <span class='ocr_line' id='line_1_12' title="bbox 89 1541 1124 1632; baseline 0 -27"><span class='ocrx_word' id='word_1_98' title='bbox 89 1548 215 1632; x_wconf 63' lang='grc' dir='ltr'><strong><em>’σφαῖραν</em></strong></span> <span class='ocrx_word' id='word_1_99' title='bbox 235 1543 316 1620; x_wconf 70' lang='grc' dir='ltr'><strong><em>οὕτως</em></strong></span> <span class='ocrx_word' id='word_1_100' title='bbox 331 1545 467 1618; x_wconf 63' lang='lat' dir='ltr'>iris-eruor·</span> <span class='ocrx_word' id='word_1_101' title='bbox 491 1545 536 1624; x_wconf 70' lang='lat' dir='ltr'>rto)</span> <span class='ocrx_word' id='word_1_102' title='bbox 557 1545 587 1624; x_wconf 81' lang='grc' dir='ltr'>ἦν</span> <span class='ocrx_word' id='word_1_103' title='bbox 604 1545 676 1610; x_wconf 77' lang='grc' dir='ltr'><strong><em>ἅπαν</em></strong></span> <span class='ocrx_word' id='word_1_104' title='bbox 697 1554 776 1609; x_wconf 71' lang='grc' dir='ltr'><strong><em>τοῦτο</em></strong></span> <span class='ocrx_word' id='word_1_105' title='bbox 796 1547 900 1609; x_wconf 68' lang='grc' dir='ltr'><strong><em>παιδιαί</em></strong></span> <span class='ocrx_word' id='word_1_106' title='bbox 921 1541 1124 1632; x_wconf 66' lang='grc' dir='ltr'><strong><em>προκαλνμὲνη</em></strong></span> 
     </span>
     <span class='ocr_line' id='line_1_13' title="bbox 94 1645 1124 1735; baseline -0.006 -22"><span class='ocrx_word' id='word_1_107' title='bbox 94 1646 127 1713; x_wconf 75' lang='grc' dir='ltr'>σέ</span> <span class='ocrx_word' id='word_1_108' title='bbox 151 1648 224 1734; x_wconf 68' lang='grc' dir='ltr'>πρὸς</span> <span class='ocrx_word' id='word_1_109' title='bbox 248 1646 326 1729; x_wconf 74' lang='grc' dir='ltr'><strong><em>ὅμοια</em></strong></span> <span class='ocrx_word' id='word_1_110' title='bbox 346 1649 524 1735; x_wconf 75' lang='grc' dir='ltr'><strong><em>γςᾶμμοιταε</em></strong></span> <span class='ocrx_word' id='word_1_111' title='bbox 551 1648 607 1711; x_wconf 82' lang='lat' dir='ltr'>ubl</span> <span class='ocrx_word' id='word_1_112' title='bbox 624 1650 654 1714; x_wconf 90' lang='lat' dir='ltr'>J.</span> <span class='ocrx_word' id='word_1_113' title='bbox 672 1648 751 1712; x_wconf 87' lang='lat' dir='ltr'><strong>Chr.</strong></span> <span class='ocrx_word' id='word_1_114' title='bbox 764 1647 905 1712; x_wconf 90' lang='lat' dir='ltr'>Wolfius</span> <span class='ocrx_word' id='word_1_115' title='bbox 918 1645 995 1710; x_wconf 80' lang='lat' dir='ltr'>scite</span> <span class='ocrx_word' id='word_1_116' title='bbox 1015 1645 1124 1709; x_wconf 88' lang='lat' dir='ltr'>locum</span> 
     </span>
     <span class='ocr_line' id='line_1_14' title="bbox 96 1743 1125 1828; baseline 0.003 -21"><span class='ocrx_word' id='word_1_117' title='bbox 96 1743 237 1810; x_wconf 83' lang='lat' dir='ltr'>Platonis</span> <span class='ocrx_word' id='word_1_118' title='bbox 252 1747 367 1828; x_wconf 85' lang='lat' dir='ltr'>adfert,</span> <span class='ocrx_word' id='word_1_119' title='bbox 390 1747 501 1813; x_wconf 88' lang='lat' dir='ltr'>inscite</span> <span class='ocrx_word' id='word_1_120' title='bbox 519 1749 583 1814; x_wconf 92' lang='lat' dir='ltr'>huc</span> <span class='ocrx_word' id='word_1_121' title='bbox 603 1749 701 1813; x_wconf 84' lang='lat' dir='ltr'>trahit</span> <span class='ocrx_word' id='word_1_122' title='bbox 718 1747 805 1811; x_wconf 84' lang='lat' dir='ltr'>aliud</span> <span class='ocrx_word' id='word_1_123' title='bbox 824 1746 983 1811; x_wconf 85' lang='lat' dir='ltr'>Plutarchi</span> <span class='ocrx_word' id='word_1_124' title='bbox 1003 1744 1125 1810; x_wconf 78' lang='lat' dir='ltr'>dietum</span> 
     </span>
     <span class='ocr_line' id='line_1_15' title="bbox 97 1842 1124 1937; baseline 0.001 -30"><span class='ocrx_word' id='word_1_125' title='bbox 97 1842 215 1934; x_wconf 67' lang='grc' dir='ltr'><strong><em>σφαίρας</em></strong></span> <span class='ocrx_word' id='word_1_126' title='bbox 229 1850 346 1928; x_wconf 63' lang='lat' dir='ltr'>&amp;ruditas</span> <span class='ocrx_word' id='word_1_127' title='bbox 358 1850 431 1937; x_wconf 70' lang='grc' dir='ltr'><strong><em>σνςός</em></strong></span> <span class='ocrx_word' id='word_1_128' title='bbox 445 1849 583 1929; x_wconf 73' lang='grc' dir='ltr'><strong><em>ἇλλῆλινς,</em></strong></span> <span class='ocrx_word' id='word_1_129' title='bbox 602 1848 689 1934; x_wconf 92' lang='lat' dir='ltr'>quod</span> <span class='ocrx_word' id='word_1_130' title='bbox 702 1848 744 1912; x_wconf 81' lang='lat' dir='ltr'>est</span> <span class='ocrx_word' id='word_1_131' title='bbox 759 1848 845 1932; x_wconf 85' lang='lat' dir='ltr'>Opp.</span> <span class='ocrx_word' id='word_1_132' title='bbox 860 1849 947 1911; x_wconf 89' lang='lat' dir='ltr'>Mor.</span> <span class='ocrx_word' id='word_1_133' title='bbox 968 1866 1002 1930; x_wconf 90' lang='lat' dir='ltr'>p.</span> <span class='ocrx_word' id='word_1_134' title='bbox 1019 1845 1071 1908; x_wconf 89' lang='lat'>80.</span> <span class='ocrx_word' id='word_1_135' title='bbox 1085 1845 1124 1908; x_wconf 88' lang='lat' dir='ltr'>B.</span> 
     </span>
     <span class='ocr_line' id='line_1_16' title="bbox 95 1943 1125 2036; baseline 0.001 -27"><span class='ocrx_word' id='word_1_136' title='bbox 95 1943 256 2034; x_wconf 86' lang='lat' dir='ltr'>habetque</span> <span class='ocrx_word' id='word_1_137' title='bbox 288 1949 460 2034; x_wconf 62' lang='grc' dir='ltr'><strong><em>ἐπιδούμενοι,</em></strong></span> <span class='ocrx_word' id='word_1_138' title='bbox 488 1949 662 2036; x_wconf 78' lang='lat' dir='ltr'>alligantes,</span> <span class='ocrx_word' id='word_1_139' title='bbox 692 1949 888 2034; x_wconf 83' lang='lat' dir='ltr'>referturque</span> <span class='ocrx_word' id='word_1_140' title='bbox 913 1947 953 2011; x_wconf 87' lang='lat' dir='ltr'>ad</span> <span class='ocrx_word' id='word_1_141' title='bbox 971 1947 1125 2034; x_wconf 78' lang='lat' dir='ltr'>sphaeras,</span> 
     </span>
     <span class='ocr_line' id='line_1_17' title="bbox 97 2048 1125 2140; baseline 0.001 -27"><span class='ocrx_word' id='word_1_142' title='bbox 97 2050 214 2136; x_wconf 91' lang='lat' dir='ltr'>quibus</span> <span class='ocrx_word' id='word_1_143' title='bbox 234 2052 361 2140; x_wconf 84' lang='lat' dir='ltr'>pugiles</span> <span class='ocrx_word' id='word_1_144' title='bbox 379 2052 420 2118; x_wconf 93' lang='lat' dir='ltr'>ad</span> <span class='ocrx_word' id='word_1_145' title='bbox 436 2053 541 2118; x_wconf 91' lang='lat' dir='ltr'>lusum</span> <span class='ocrx_word' id='word_1_146' title='bbox 554 2075 669 2118; x_wconf 88' lang='lat' dir='ltr'>manus</span> <span class='ocrx_word' id='word_1_147' title='bbox 684 2052 737 2117; x_wconf 81' lang='lat' dir='ltr'>fibi</span> <span class='ocrx_word' id='word_1_148' title='bbox 752 2050 948 2138; x_wconf 80' lang='lat' dir='ltr'>obligabant.</span> <span class='ocrx_word' id='word_1_149' title='bbox 982 2048 1036 2114; x_wconf 89' lang='lat' dir='ltr'>Ad</span> <span class='ocrx_word' id='word_1_150' title='bbox 1051 2049 1125 2114; x_wconf 66' lang='lat' dir='ltr'>nd-</span> 
     </span>
     <span class='ocr_line' id='line_1_18' title="bbox 81 2148 1129 2241; baseline 0.003 -27"><span class='ocrx_word' id='word_1_151' title='bbox 81 2148 181 2216; x_wconf 63' lang='lat' dir='ltr'>&#39;trum</span> <span class='ocrx_word' id='word_1_152' title='bbox 204 2153 386 2238; x_wconf 82' lang='lat' dir='ltr'>exemplum</span> <span class='ocrx_word' id='word_1_153' title='bbox 408 2153 548 2239; x_wconf 88' lang='lat' dir='ltr'>pertinet</span> <span class='ocrx_word' id='word_1_154' title='bbox 569 2176 697 2241; x_wconf 87' lang='lat' dir='ltr'>quoquc</span> <span class='ocrx_word' id='word_1_155' title='bbox 720 2150 896 2216; x_wconf 84' lang='lat' dir='ltr'>Clementis</span> <span class='ocrx_word' id='word_1_156' title='bbox 918 2148 1129 2217; x_wconf 83' lang='lat' dir='ltr'>Alexandrini</span> 
     </span>
     <span class='ocr_line' id='line_1_19' title="bbox 97 2248 1127 2342; baseline -0.002 -27"><span class='ocrx_word' id='word_1_157' title='bbox 97 2250 219 2317; x_wconf 63' lang='lat' dir='ltr'>dietum</span> <span class='ocrx_word' id='word_1_158' title='bbox 235 2253 361 2342; x_wconf 79' lang='lat' dir='ltr'>Paedag.</span> <span class='ocrx_word' id='word_1_159' title='bbox 374 2255 405 2319; x_wconf 85' lang='lat' dir='ltr'>l.</span> <span class='ocrx_word' id='word_1_160' title='bbox 421 2256 474 2319; x_wconf 90' lang='lat' dir='ltr'>fin.</span> <span class='ocrx_word' id='word_1_161' title='bbox 489 2276 522 2342; x_wconf 93' lang='lat' dir='ltr'>p.</span> <span class='ocrx_word' id='word_1_162' title='bbox 541 2271 611 2342; x_wconf 86' lang='lat'><strong>137.</strong></span> <span class='ocrx_word' id='word_1_163' title='bbox 626 2256 681 2319; x_wconf 83' lang='lat' dir='ltr'>A:</span> <span class='ocrx_word' id='word_1_164' title='bbox 704 2259 837 2334; x_wconf 70' lang='grc' dir='ltr'>ὑποθῆκος</span> <span class='ocrx_word' id='word_1_165' title='bbox 857 2248 1047 2334; x_wconf 64' lang='lat' dir='ltr'>autopat-uror)</span> <span class='ocrx_word' id='word_1_166' title='bbox 1064 2253 1127 2332; x_wconf 83' lang='grc' dir='ltr'>ἡμῖν</span> 
     </span>
     <span class='ocr_line' id='line_1_20' title="bbox 97 2349 1128 2446; baseline -0.001 -30"><span class='ocrx_word' id='word_1_167' title='bbox 97 2357 188 2428; x_wconf 81' lang='grc' dir='ltr'><strong><em>αὐτοῖς</em></strong></span> <span class='ocrx_word' id='word_1_168' title='bbox 208 2356 451 2444; x_wconf 70' lang='grc' dir='ltr'><strong><em>ἂναγιγςοίφατας,</em></strong></span> <span class='ocrx_word' id='word_1_169' title='bbox 470 2357 544 2446; x_wconf 63' lang='lat' dir='ltr'>agl,</span> <span class='ocrx_word' id='word_1_170' title='bbox 561 2384 591 2420; x_wconf 85' lang='grc' dir='ltr'>τε</span> <span class='ocrx_word' id='word_1_171' title='bbox 613 2362 683 2439; x_wconf 73' lang='grc' dir='ltr'>ἡμᾶς</span> <span class='ocrx_word' id='word_1_172' title='bbox 702 2355 797 2429; x_wconf 75' lang='grc' dir='ltr'><strong><em>αὐτοὺς</em></strong></span> <span class='ocrx_word' id='word_1_173' title='bbox 812 2355 859 2417; x_wconf 81' lang='grc' dir='ltr'>καί</span> <span class='ocrx_word' id='word_1_174' title='bbox 872 2355 945 2441; x_wconf 71' lang='grc' dir='ltr'><strong><em>σςίς</em></strong></span> <span class='ocrx_word' id='word_1_175' title='bbox 957 2353 1018 2429; x_wconf 85' lang='grc' dir='ltr'><strong><em>τοὺς</em></strong></span> <span class='ocrx_word' id='word_1_176' title='bbox 1031 2349 1128 2428; x_wconf 76' lang='grc' dir='ltr'><strong><em>ονίλας</em></strong></span> 
     </span>
     <span class='ocr_line' id='line_1_21' title="bbox 98 2454 1128 2546; baseline 0 -28"><span class='ocrx_word' id='word_1_177' title='bbox 98 2454 211 2519; x_wconf 73' lang='grc' dir='ltr'>εὔθετοι·</span> <span class='ocrx_word' id='word_1_178' title='bbox 236 2459 283 2520; x_wconf 83' lang='grc' dir='ltr'>καί</span> <span class='ocrx_word' id='word_1_179' title='bbox 299 2461 327 2536; x_wconf 77' lang='grc' dir='ltr'>δὴ</span> <span class='ocrx_word' id='word_1_180' title='bbox 343 2457 388 2538; x_wconf 69' lang='grc' dir='ltr'>καί</span> <span class='ocrx_word' id='word_1_181' title='bbox 402 2459 484 2540; x_wconf 70' lang='grc' dir='ltr'><strong><em>αὗται</em></strong></span> <span class='ocrx_word' id='word_1_182' title='bbox 497 2458 575 2541; x_wconf 74' lang='grc' dir='ltr'><strong><em>αὖθις</em></strong></span> <span class='ocrx_word' id='word_1_183' title='bbox 588 2459 653 2546; x_wconf 69' lang='grc' dir='ltr'>πρὸς</span> <span class='ocrx_word' id='word_1_184' title='bbox 670 2463 739 2539; x_wconf 74' lang='grc' dir='ltr'><strong><em>ἡμᾶς</em></strong></span> <span class='ocrx_word' id='word_1_185' title='bbox 752 2454 985 2543; x_wconf 71' lang='grc' dir='ltr'><strong><em>ἄνταναςςέφεσι,</em></strong></span> <span class='ocrx_word' id='word_1_186' title='bbox 1000 2454 1128 2542; x_wconf 63' lang='grc' dir='ltr'>καθάπερ</span> 
     </span>
     <span class='ocr_line' id='line_1_22' title="bbox 97 2555 1126 2648; baseline -0.001 -28"><span class='ocrx_word' id='word_1_187' title='bbox 97 2556 171 2644; x_wconf 68' lang='grc' dir='ltr'>πρὸς</span> <span class='ocrx_word' id='word_1_188' title='bbox 185 2558 236 2622; x_wconf 69' lang='grc' dir='ltr'>σίν</span> <span class='ocrx_word' id='word_1_189' title='bbox 256 2559 402 2639; x_wconf 73' lang='grc' dir='ltr'><strong><em>βάλλοντα</em></strong></span> <span class='ocrx_word' id='word_1_190' title='bbox 423 2565 438 2635; x_wconf 80' lang='grc' dir='ltr'><strong><em>ἣ</em></strong></span> <span class='ocrx_word' id='word_1_191' title='bbox 459 2562 564 2648; x_wconf 64' lang='grc' dir='ltr'><strong><em>σφαῖρα</em></strong></span> <span class='ocrx_word' id='word_1_192' title='bbox 585 2560 694 2637; x_wconf 77' lang='grc' dir='ltr'><strong><em>δαίτην</em></strong></span> <span class='ocrx_word' id='word_1_193' title='bbox 712 2555 870 2622; x_wconf 69' lang='grc' dir='ltr'><strong><em>ἀντιτυπίαν</em></strong></span> <span class='ocrx_word' id='word_1_194' title='bbox 889 2557 1126 2642; x_wconf 71' lang='grc' dir='ltr'><strong><em>σιαλινδηομῦσαι</em></strong></span> 
     </span>
     <span class='ocr_line' id='line_1_23' title="bbox 98 2657 1127 2747; baseline -0.002 -22"><span class='ocrx_word' id='word_1_195' title='bbox 98 2662 154 2726; x_wconf 93' lang='lat' dir='ltr'>ubi</span> <span class='ocrx_word' id='word_1_196' title='bbox 168 2663 403 2729; x_wconf 79' lang='lat' dir='ltr'>hmilitudinem</span> <span class='ocrx_word' id='word_1_197' title='bbox 417 2664 563 2730; x_wconf 87' lang='lat' dir='ltr'>eamdem</span> <span class='ocrx_word' id='word_1_198' title='bbox 575 2663 686 2729; x_wconf 83' lang='lat' dir='ltr'>Basuio</span> <span class='ocrx_word' id='word_1_199' title='bbox 696 2663 880 2747; x_wconf 85' lang='lat' dir='ltr'>usurpatam</span> <span class='ocrx_word' id='word_1_200' title='bbox 894 2660 1042 2747; x_wconf 86' lang='lat' dir='ltr'>perhibet</span> <span class='ocrx_word' id='word_1_201' title='bbox 1053 2657 1127 2747; x_wconf 85' lang='lat' dir='ltr'>Syl·</span> 
     </span>
     <span class='ocr_line' id='line_1_24' title="bbox 97 2761 1128 2852; baseline -0.002 -25"><span class='ocrx_word' id='word_1_202' title='bbox 97 2763 243 2851; x_wconf 83' lang='lat' dir='ltr'>burgiue.</span> <span class='ocrx_word' id='word_1_203' title='bbox 279 2765 418 2852; x_wconf 77' lang='lat' dir='ltr'>Epicteti</span> <span class='ocrx_word' id='word_1_204' title='bbox 438 2765 517 2832; x_wconf 82' lang='lat' dir='ltr'>Diff.</span> <span class='ocrx_word' id='word_1_205' title='bbox 533 2766 577 2831; x_wconf 91' lang='grc' dir='ltr'>ΙΙ.</span> <span class='ocrx_word' id='word_1_206' title='bbox 592 2779 625 2851; x_wconf 84' lang='lat'>5.</span> <span class='ocrx_word' id='word_1_207' title='bbox 648 2765 681 2829; x_wconf 90' lang='lat' dir='ltr'>in</span> <span class='ocrx_word' id='word_1_208' title='bbox 700 2763 811 2829; x_wconf 89' lang='lat' dir='ltr'>eadem</span> <span class='ocrx_word' id='word_1_209' title='bbox 832 2762 874 2827; x_wconf 85' lang='lat' dir='ltr'>est</span> <span class='ocrx_word' id='word_1_210' title='bbox 892 2761 1128 2848; x_wconf 85' lang='lat' dir='ltr'>comparatione</span> 
     </span>
     <span class='ocr_line' id='line_1_25' title="bbox 100 2861 1118 2930; baseline 0.013 -4"><span class='ocrx_word' id='word_1_211' title='bbox 100 2861 289 2930; x_wconf 87' lang='lat' dir='ltr'>admonitio.</span> <span class='ocrx_word' id='word_1_212' title='bbox 1117 2883 1118 2888; x_wconf 77' lang='grc'>’</span> 
     </span>
    </p>

    <p class='ocr_par' dir='ltr' id='par_1_3' title="bbox 90 2965 1136 4373">
     <span class='ocr_line' id='line_1_26' title="bbox 139 2965 1132 3054; baseline 0.003 -27"><span class='ocrx_word' id='word_1_213' title='bbox 139 2965 196 3049; x_wconf 85' lang='lat'>38.</span> <span class='ocrx_word' id='word_1_214' title='bbox 212 2966 251 3029; x_wconf 85' lang='lat' dir='ltr'>E.</span> <span class='ocrx_word' id='word_1_215' title='bbox 273 2970 324 3040; x_wconf 81' lang='grc' dir='ltr'>τοὶς</span> <span class='ocrx_word' id='word_1_216' title='bbox 339 2965 493 3047; x_wconf 67' lang='grc' dir='ltr'><strong><em>ὑπηνεμίους</em></strong></span> <span class='ocrx_word' id='word_1_217' title='bbox 508 2965 885 3053; x_wconf 73' lang='grc' dir='ltr'><strong><em>λοχείας-ὑπολειμμάτων]</em></strong></span> <span class='ocrx_word' id='word_1_218' title='bbox 911 2966 1009 3054; x_wconf 74' lang='lat' dir='ltr'>Quod</span> <span class='ocrx_word' id='word_1_219' title='bbox 1024 2965 1132 3052; x_wconf 72' lang='lat' dir='ltr'>recepi</span> 
     </span>
     <span class='ocr_line' id='line_1_27' title="bbox 100 3062 1129 3145; baseline 0.003 -20"><span class='ocrx_word' id='word_1_220' title='bbox 100 3064 321 3145; x_wconf 78' lang='grc' dir='ltr'><strong><em>ὑπολειμμάτων,</em></strong></span> <span class='ocrx_word' id='word_1_221' title='bbox 336 3087 400 3129; x_wconf 91' lang='lat' dir='ltr'>uon</span> <span class='ocrx_word' id='word_1_222' title='bbox 415 3063 513 3130; x_wconf 89' lang='lat' dir='ltr'>modo</span> <span class='ocrx_word' id='word_1_223' title='bbox 527 3062 624 3129; x_wconf 89' lang='lat' dir='ltr'>habet</span> <span class='ocrx_word' id='word_1_224' title='bbox 638 3066 681 3128; x_wconf 90' lang='lat' dir='ltr'>D.</span> <span class='ocrx_word' id='word_1_225' title='bbox 698 3064 749 3129; x_wconf 85' lang='lat' dir='ltr'>sed</span> <span class='ocrx_word' id='word_1_226' title='bbox 764 3079 797 3128; x_wconf 90' lang='lat' dir='ltr'>et</span> <span class='ocrx_word' id='word_1_227' title='bbox 812 3064 1001 3128; x_wconf 86' lang='lat' dir='ltr'>Harleianus</span> <span class='ocrx_word' id='word_1_228' title='bbox 1016 3063 1129 3144; x_wconf 85' lang='lat' dir='ltr'>codex,</span> 
     </span>
     <span class='ocr_line' id='line_1_28' title="bbox 101 3162 1130 3253; baseline 0.003 -26"><span class='ocrx_word' id='word_1_229' title='bbox 101 3162 193 3251; x_wconf 82' lang='lat' dir='ltr'>cujus</span> <span class='ocrx_word' id='word_1_230' title='bbox 215 3165 257 3229; x_wconf 89' lang='lat' dir='ltr'>ad</span> <span class='ocrx_word' id='word_1_231' title='bbox 278 3164 366 3231; x_wconf 91' lang='lat' dir='ltr'>hunc</span> <span class='ocrx_word' id='word_1_232' title='bbox 387 3165 527 3253; x_wconf 91' lang='lat' dir='ltr'>aliosque</span> <span class='ocrx_word' id='word_1_233' title='bbox 548 3167 644 3231; x_wconf 89' lang='lat' dir='ltr'>libros</span> <span class='ocrx_word' id='word_1_234' title='bbox 663 3167 762 3231; x_wconf 84' lang='lat' dir='ltr'>varias</span> <span class='ocrx_word' id='word_1_235' title='bbox 781 3166 933 3231; x_wconf 67' lang='lat' dir='ltr'>lectiones</span> <span class='ocrx_word' id='word_1_236' title='bbox 951 3169 1056 3251; x_wconf 80' lang='lat' dir='ltr'>postca</span> <span class='ocrx_word' id='word_1_237' title='bbox 1071 3165 1130 3253; x_wconf 87' lang='lat' dir='ltr'>de·</span> 
     </span>
     <span class='ocr_line' id='line_1_29' title="bbox 100 3265 1129 3353; baseline 0.002 -25"><span class='ocrx_word' id='word_1_238' title='bbox 100 3286 193 3328; x_wconf 92' lang='lat' dir='ltr'>mum</span> <span class='ocrx_word' id='word_1_239' title='bbox 213 3265 334 3352; x_wconf 89' lang='lat' dir='ltr'>accepi.</span> <span class='ocrx_word' id='word_1_240' title='bbox 377 3267 493 3353; x_wconf 91' lang='lat' dir='ltr'>Neque</span> <span class='ocrx_word' id='word_1_241' title='bbox 517 3281 623 3332; x_wconf 86' lang='lat' dir='ltr'>tamen</span> <span class='ocrx_word' id='word_1_242' title='bbox 644 3265 699 3331; x_wconf 90' lang='lat' dir='ltr'>illo</span> <span class='ocrx_word' id='word_1_243' title='bbox 718 3266 859 3348; x_wconf 90' lang='lat' dir='ltr'>nomine,</span> <span class='ocrx_word' id='word_1_244' title='bbox 876 3266 1019 3352; x_wconf 87' lang='lat' dir='ltr'>quamvis</span> <span class='ocrx_word' id='word_1_245' title='bbox 1035 3265 1129 3348; x_wconf 69' lang='lat' dir='ltr'>reete,</span> 
     </span>
     <span class='ocr_line' id='line_1_30' title="bbox 100 3365 1131 3454; baseline 0.006 -26"><span class='ocrx_word' id='word_1_246' title='bbox 100 3378 243 3452; x_wconf 88' lang='lat' dir='ltr'>recepto,</span> <span class='ocrx_word' id='word_1_247' title='bbox 265 3365 356 3432; x_wconf 83' lang='lat' dir='ltr'>locus</span> <span class='ocrx_word' id='word_1_248' title='bbox 376 3367 490 3453; x_wconf 81' lang='lat' dir='ltr'>planus</span> <span class='ocrx_word' id='word_1_249' title='bbox 513 3384 545 3434; x_wconf 91' lang='lat' dir='ltr'>et</span> <span class='ocrx_word' id='word_1_250' title='bbox 566 3368 732 3454; x_wconf 78' lang='lat' dir='ltr'>expeditus</span> <span class='ocrx_word' id='word_1_251' title='bbox 752 3369 806 3433; x_wconf 87' lang='lat' dir='ltr'>est.</span> <span class='ocrx_word' id='word_1_252' title='bbox 842 3368 1017 3433; x_wconf 80' lang='lat' dir='ltr'>Aristotelis</span> <span class='ocrx_word' id='word_1_253' title='bbox 1039 3369 1131 3434; x_wconf 83' lang='lat' dir='ltr'>verba</span> 
     </span>
     <span class='ocr_line' id='line_1_31' title="bbox 90 3465 1131 3552; baseline 0.004 -23"><span class='ocrx_word' id='word_1_254' title='bbox 90 3465 184 3530; x_wconf 90' lang='lat' dir='ltr'><strong>·Hist.</strong></span> <span class='ocrx_word' id='word_1_255' title='bbox 204 3466 315 3531; x_wconf 83' lang='lat' dir='ltr'>Anlm.</span> <span class='ocrx_word' id='word_1_256' title='bbox 326 3467 386 3550; x_wconf 91' lang='lat' dir='ltr'>Vl.</span> <span class='ocrx_word' id='word_1_257' title='bbox 403 3486 435 3535; x_wconf 87' lang='lat'>2.</span> <span class='ocrx_word' id='word_1_258' title='bbox 455 3466 525 3533; x_wconf 85' lang='lat' dir='ltr'>haec</span> <span class='ocrx_word' id='word_1_259' title='bbox 547 3468 638 3532; x_wconf 84' lang='lat' dir='ltr'>sunt:</span> <span class='ocrx_word' id='word_1_260' title='bbox 662 3473 686 3530; x_wconf 84' lang='grc' dir='ltr'>οί</span> <span class='ocrx_word' id='word_1_261' title='bbox 702 3468 728 3530; x_wconf 74' lang='grc' dir='ltr'>δὲ</span> <span class='ocrx_word' id='word_1_262' title='bbox 743 3465 870 3552; x_wconf 67' lang='grc' dir='ltr'><strong><em>λέγοντες</em></strong></span> <span class='ocrx_word' id='word_1_263' title='bbox 884 3466 923 3530; x_wconf 68' lang='grc' dir='ltr'>ὅτι</span> <span class='ocrx_word' id='word_1_264' title='bbox 937 3465 1131 3551; x_wconf 71' lang='grc' dir='ltr'><strong><em>ιἰπολιίμματᾶ</em></strong></span> 
     </span>
     <span class='ocr_line' id='line_1_32' title="bbox 101 3565 1131 3655; baseline 0.005 -27"><span class='ocrx_word' id='word_1_265' title='bbox 101 3570 142 3640; x_wconf 62' lang='lat' dir='ltr'>tn</span> <span class='ocrx_word' id='word_1_266' title='bbox 165 3571 204 3630; x_wconf 83' lang='grc' dir='ltr'>τοὶ</span> <span class='ocrx_word' id='word_1_267' title='bbox 227 3565 358 3650; x_wconf 71' lang='grc' dir='ltr'><strong><em>ὑπηνέμια</em></strong></span> <span class='ocrx_word' id='word_1_268' title='bbox 381 3575 435 3632; x_wconf 80' lang='grc' dir='ltr'>τῶν</span> <span class='ocrx_word' id='word_1_269' title='bbox 462 3567 601 3655; x_wconf 59' lang='grc' dir='ltr'><strong><em>ἔμπροσθεν</em></strong></span> <span class='ocrx_word' id='word_1_270' title='bbox 623 3565 770 3655; x_wconf 67' lang='grc' dir='ltr'><strong><em>ἓΗχείας</em></strong></span> <span class='ocrx_word' id='word_1_271' title='bbox 790 3567 946 3654; x_wconf 72' lang='grc' dir='ltr'><strong><em>γινομένων,</em></strong></span> <span class='ocrx_word' id='word_1_272' title='bbox 971 3573 1019 3631; x_wconf 72' lang='grc' dir='ltr'>οὐκ</span> <span class='ocrx_word' id='word_1_273' title='bbox 1040 3574 1131 3648; x_wconf 73' lang='grc' dir='ltr'><strong><em>ἀληθῆ</em></strong></span> 
     </span>
     <span class='ocr_line' id='line_1_33' title="bbox 103 3667 1131 3757; baseline 0.006 -26"><span class='ocrx_word' id='word_1_274' title='bbox 103 3667 229 3753; x_wconf 67' lang='grc' dir='ltr'><strong><em>λέγωσιν·</em></strong></span> <span class='ocrx_word' id='word_1_275' title='bbox 254 3691 326 3756; x_wconf 86' lang='lat' dir='ltr'>quae</span> <span class='ocrx_word' id='word_1_276' title='bbox 342 3669 549 3735; x_wconf 85' lang='lat' dir='ltr'>Plutarchum</span> <span class='ocrx_word' id='word_1_277' title='bbox 564 3668 617 3734; x_wconf 89' lang='lat' dir='ltr'>hic</span> <span class='ocrx_word' id='word_1_278' title='bbox 630 3669 719 3756; x_wconf 89' lang='lat' dir='ltr'>sequi</span> <span class='ocrx_word' id='word_1_279' title='bbox 733 3669 872 3750; x_wconf 73' lang='lat' dir='ltr'>voluisse,</span> <span class='ocrx_word' id='word_1_280' title='bbox 890 3692 950 3735; x_wconf 90' lang='lat' dir='ltr'>nec</span> <span class='ocrx_word' id='word_1_281' title='bbox 964 3670 1131 3757; x_wconf 82' lang='lat' dir='ltr'>affirmare,</span> 
     </span>
     <span class='ocr_line' id='line_1_34' title="bbox 104 3768 1133 3863; baseline 0.002 -28"><span class='ocrx_word' id='word_1_282' title='bbox 104 3790 164 3835; x_wconf 88' lang='lat' dir='ltr'>uec</span> <span class='ocrx_word' id='word_1_283' title='bbox 184 3792 300 3861; x_wconf 83' lang='lat' dir='ltr'>negare</span> <span class='ocrx_word' id='word_1_284' title='bbox 322 3771 440 3836; x_wconf 80' lang='lat' dir='ltr'>ausim:</span> <span class='ocrx_word' id='word_1_285' title='bbox 466 3768 545 3836; x_wconf 89' lang='lat' dir='ltr'>illud</span> <span class='ocrx_word' id='word_1_286' title='bbox 565 3769 704 3836; x_wconf 90' lang='lat' dir='ltr'>dubitari</span> <span class='ocrx_word' id='word_1_287' title='bbox 725 3772 850 3859; x_wconf 86' lang='lat' dir='ltr'>nequit,</span> <span class='ocrx_word' id='word_1_288' title='bbox 871 3773 947 3859; x_wconf 91' lang='lat' dir='ltr'>quin</span> <span class='ocrx_word' id='word_1_289' title='bbox 970 3773 1033 3863; x_wconf 79' lang='lat' dir='ltr'>tale</span> <span class='ocrx_word' id='word_1_290' title='bbox 1055 3771 1133 3860; x_wconf 90' lang='lat' dir='ltr'>quid</span> 
     </span>
     <span class='ocr_line' id='line_1_35' title="bbox 103 3868 1134 3960; baseline 0.005 -28"><span class='ocrx_word' id='word_1_291' title='bbox 103 3868 231 3933; x_wconf 84' lang='lat' dir='ltr'>secutus</span> <span class='ocrx_word' id='word_1_292' title='bbox 245 3870 291 3952; x_wconf 80' lang='lat' dir='ltr'>stt,</span> <span class='ocrx_word' id='word_1_293' title='bbox 307 3869 435 3959; x_wconf 88' lang='lat' dir='ltr'>ejusque</span> <span class='ocrx_word' id='word_1_294' title='bbox 456 3871 556 3938; x_wconf 69' lang='lat' dir='ltr'>ductu</span> <span class='ocrx_word' id='word_1_295' title='bbox 575 3871 699 3938; x_wconf 79' lang='lat' dir='ltr'>fortasse</span> <span class='ocrx_word' id='word_1_296' title='bbox 716 3873 936 3960; x_wconf 76' lang='lat' dir='ltr'>retingendum</span> <span class='ocrx_word' id='word_1_297' title='bbox 951 3899 959 3939; x_wconf 78' lang='lat' dir='ltr'>r</span> <span class='ocrx_word' id='word_1_298' title='bbox 974 3877 1052 3948; x_wconf 86' lang='grc' dir='ltr'><strong><em>-Ταῑς</em></strong></span> <span class='ocrx_word' id='word_1_299' title='bbox 1077 3874 1134 3956; x_wconf 87' lang='lat' dir='ltr'>(ita</span> 
     </span>
     <span class='ocr_line' id='line_1_36' title="bbox 104 3972 1133 4063; baseline 0.005 -32"><span class='ocrx_word' id='word_1_300' title='bbox 104 3990 164 4056; x_wconf 84' lang='lat' dir='ltr'>pro</span> <span class='ocrx_word' id='word_1_301' title='bbox 176 3974 231 4044; x_wconf 83' lang='grc' dir='ltr'><strong><em>τοῖς</em></strong></span> <span class='ocrx_word' id='word_1_302' title='bbox 245 3972 330 4036; x_wconf 85' lang='lat' dir='ltr'>Coll.</span> <span class='ocrx_word' id='word_1_303' title='bbox 344 3975 429 4039; x_wconf 89' lang='lat' dir='ltr'>Nov.</span> <span class='ocrx_word' id='word_1_304' title='bbox 445 3976 562 4039; x_wconf 86' lang='lat' dir='ltr'>Venet.</span> <span class='ocrx_word' id='word_1_305' title='bbox 579 3973 619 4037; x_wconf 89' lang='lat' dir='ltr'>C.</span> <span class='ocrx_word' id='word_1_306' title='bbox 632 3975 691 4056; x_wconf 89' lang='lat' dir='ltr'>D.)</span> <span class='ocrx_word' id='word_1_307' title='bbox 707 3975 758 4057; x_wconf 65' lang='lat' dir='ltr'>ph</span> <span class='ocrx_word' id='word_1_308' title='bbox 773 3973 816 4039; x_wconf 78' lang='grc' dir='ltr'>οὖν</span> <span class='ocrx_word' id='word_1_309' title='bbox 830 3972 911 4063; x_wconf 68' lang='lat' dir='ltr'>dputes</span> <span class='ocrx_word' id='word_1_310' title='bbox 925 3981 976 4049; x_wconf 77' lang='grc' dir='ltr'>τὰς</span> <span class='ocrx_word' id='word_1_311' title='bbox 989 3974 1133 4056; x_wconf 74' lang='grc' dir='ltr'><strong><em>ὑπηνεμίοις</em></strong></span> 
     </span>
     <span class='ocr_line' id='line_1_37' title="bbox 104 4069 1133 4163; baseline 0.003 -29"><span class='ocrx_word' id='word_1_312' title='bbox 104 4069 199 4157; x_wconf 81' lang='grc' dir='ltr'><strong><em>ὀχείας</em></strong></span> <span class='ocrx_word' id='word_1_313' title='bbox 212 4071 307 4138; x_wconf 66' lang='lat' dir='ltr'>dutum</span> <span class='ocrx_word' id='word_1_314' title='bbox 320 4077 426 4139; x_wconf 78' lang='grc' dir='ltr'><strong><em>ἇτιλῶν</em></strong></span> <span class='ocrx_word' id='word_1_315' title='bbox 438 4102 515 4139; x_wconf 79' lang='grc' dir='ltr'><strong><em>τινων</em></strong></span> <span class='ocrx_word' id='word_1_316' title='bbox 534 4074 581 4156; x_wconf 61' lang='grc' dir='ltr'>καί</span> <span class='ocrx_word' id='word_1_317' title='bbox 598 4076 719 4163; x_wconf 62' lang='lat' dir='ltr'>&amp;dixer</span> <span class='ocrx_word' id='word_1_318' title='bbox 739 4075 949 4158; x_wconf 76' lang='grc' dir='ltr'><strong><em>ὑπολειμμάτων</em></strong></span> <span class='ocrx_word' id='word_1_319' title='bbox 969 4080 1063 4162; x_wconf 66' lang='grc' dir='ltr'><strong><em>ἀρχὰς</em></strong></span> <span class='ocrx_word' id='word_1_320' title='bbox 1083 4073 1133 4138; x_wconf 67' lang='grc' dir='ltr'>λέ·</span> 
     </span>
     <span class='ocr_line' id='line_1_38' title="bbox 105 4175 1135 4266; baseline 0.003 -28"><span class='ocrx_word' id='word_1_321' title='bbox 105 4201 192 4260; x_wconf 78' lang='grc' dir='ltr'><strong><em>γοσιν</em></strong></span> <span class='ocrx_word' id='word_1_322' title='bbox 206 4175 281 4255; x_wconf 73' lang='grc' dir='ltr'><strong><em>είνας·</em></strong></span> <span class='ocrx_word' id='word_1_323' title='bbox 305 4176 367 4241; x_wconf 85' lang='lat' dir='ltr'>hoc</span> <span class='ocrx_word' id='word_1_324' title='bbox 382 4178 489 4243; x_wconf 84' lang='lat' dir='ltr'>sensu:</span> <span class='ocrx_word' id='word_1_325' title='bbox 513 4183 614 4266; x_wconf 82' lang='lat' dir='ltr'>Atque</span> <span class='ocrx_word' id='word_1_326' title='bbox 633 4178 741 4242; x_wconf 80' lang='lat' dir='ltr'>avibus</span> <span class='ocrx_word' id='word_1_327' title='bbox 757 4178 872 4266; x_wconf 64' lang='lat' dir='ltr'>quidem</span> <span class='ocrx_word' id='word_1_328' title='bbox 890 4177 978 4240; x_wconf 77' lang='lat' dir='ltr'>coitus</span> <span class='ocrx_word' id='word_1_329' title='bbox 997 4177 1041 4240; x_wconf 84' lang='lat' dir='ltr'>ad</span> <span class='ocrx_word' id='word_1_330' title='bbox 1058 4200 1135 4241; x_wconf 71' lang='lat' dir='ltr'>ven«</span> 
     </span>
     <span class='ocr_line' id='line_1_39' title="bbox 107 4277 1136 4373; baseline -0.002 -31"><span class='ocrx_word' id='word_1_331' title='bbox 107 4287 169 4342; x_wconf 82' lang='lat' dir='ltr'>tum</span> <span class='ocrx_word' id='word_1_332' title='bbox 191 4278 302 4373; x_wconf 65' lang='lat' dir='ltr'>cnqffias</span> <span class='ocrx_word' id='word_1_333' title='bbox 323 4277 438 4365; x_wconf 69' lang='lat' dir='ltr'>existere</span> <span class='ocrx_word' id='word_1_334' title='bbox 455 4279 557 4343; x_wconf 81' lang='lat' dir='ltr'>dicunt</span> <span class='ocrx_word' id='word_1_335' title='bbox 571 4292 717 4368; x_wconf 78' lang='lat' dir='ltr'>partuum</span> <span class='ocrx_word' id='word_1_336' title='bbox 737 4279 930 4367; x_wconf 75' lang='lat' dir='ltr'>quorumdam</span> <span class='ocrx_word' id='word_1_337' title='bbox 954 4278 1087 4343; x_wconf 77' lang='lat' dir='ltr'>inanium</span> <span class='ocrx_word' id='word_1_338' title='bbox 1108 4291 1136 4341; x_wconf 82' lang='lat' dir='ltr'>et</span> 
     </span>
    </p>
   </div>
   <div class='ocr_carea' id='block_1_3' title="bbox 598 4401 657 4449">
    <p class='ocr_par' dir='ltr' id='par_1_4' title="bbox 598 4401 657 4449">
     <span class='ocr_line' id='line_1_40' title="bbox 598 4401 657 4449; baseline 0.034 -2"><span class='ocrx_word' id='word_1_339' title='bbox 598 4401 657 4449; x_wconf 70' lang='grc' dir='ltr'>Η</span> 
     </span>
    </p>
   </div>
   <div class='ocr_carea' id='block_1_4' title="bbox 0 0 1358 4762">
    <p class='ocr_par' dir='ltr' id='par_1_5' title="bbox 0 0 1358 4762">
     <span class='ocr_line' id='line_1_41' title="bbox 0 0 1358 4762; baseline 0 0"><span class='ocrx_word' id='word_1_340' title='bbox 0 0 1358 4762; x_wconf 95' lang='lat' dir='ltr'> </span> 
     </span>
    </p>
   </div>
  </div>
 </body>
</html>
