<?xml version="1.0" encoding="UTF-8"?>
<!DOCTYPE html PUBLIC "-//W3C//DTD XHTML 1.0 Transitional//EN"
    "http://www.w3.org/TR/xhtml1/DTD/xhtml1-transitional.dtd">
<html xmlns="http://www.w3.org/1999/xhtml" xml:lang="en" lang="en">
 <head>
  <title>
</title>
<meta http-equiv="Content-Type" content="text/html;charset=utf-8" />
  <meta name='ocr-system' content='tesseract 3.04.00' />
  <meta name='ocr-capabilities' content='ocr_page ocr_carea ocr_par ocr_line ocrx_word'/>
</head>
<body>
  <div class='ocr_page' id='page_1' title='image "./plutarchichaero15plutgoog_0235.png"; bbox 0 0 2684 4762; ppageno 0'>
   <div class='ocr_carea' id='block_1_1' title="bbox 292 332 1145 411">
    <p class='ocr_par' dir='ltr' id='par_1_1' title="bbox 292 332 1145 411">
     <span class='ocr_line' id='line_1_1' title="bbox 292 332 1145 411; baseline 0.009 -19"><span class='ocrx_word' id='word_1_1' title='bbox 292 332 347 392; x_wconf 86' lang='lat' dir='ltr'>DE</span> <span class='ocrx_word' id='word_1_2' title='bbox 366 332 592 393; x_wconf 83' lang='lat' dir='ltr'>AUDIENDlS</span> <span class='ocrx_word' id='word_1_3' title='bbox 614 334 758 394; x_wconf 85' lang='lat' dir='ltr'><strong>POETIS.</strong></span> <span class='ocrx_word' id='word_1_4' title='bbox 779 353 808 411; x_wconf 88' lang='lat' dir='ltr'>p.</span> <span class='ocrx_word' id='word_1_5' title='bbox 819 343 868 394; x_wconf 79' lang='lat'>22.</span> <span class='ocrx_word' id='word_1_6' title='bbox 883 334 922 405; x_wconf 75' lang='grc' dir='ltr'>Α,</span> <span class='ocrx_word' id='word_1_7' title='bbox 932 335 966 394; x_wconf 84' lang='grc' dir='ltr'>Β.</span> <span class='ocrx_word' id='word_1_8' title='bbox 1086 344 1145 402; x_wconf 66' lang='lat'>22⁸.</span> 
     </span>
    </p>
   </div>
   <div class='ocr_carea' id='block_1_2' title="bbox 93 482 1150 787">
    <p class='ocr_par' dir='ltr' id='par_1_2' title="bbox 93 482 1150 787">
     <span class='ocr_line' id='line_1_2' title="bbox 116 482 1147 593; baseline 0.002 -32"><span class='ocrx_word' id='word_1_9' title='bbox 116 509 194 593; x_wconf 70' lang='lat'>551.</span> <span class='ocrx_word' id='word_1_10' title='bbox 216 495 336 582; x_wconf 84' lang='lat' dir='ltr'>etseq.</span> <span class='ocrx_word' id='word_1_11' title='bbox 364 495 502 584; x_wconf 84' lang='lat' dir='ltr'>indeque</span> <span class='ocrx_word' id='word_1_12' title='bbox 527 497 662 563; x_wconf 70' lang='lat' dir='ltr'>relatum</span> <span class='ocrx_word' id='word_1_13' title='bbox 684 498 717 561; x_wconf 93' lang='lat' dir='ltr'>in</span> <span class='ocrx_word' id='word_1_14' title='bbox 737 482 1088 583; x_wconf 44' lang='lat' dir='ltr'>Taylorians&#39;editionc</span> <span class='ocrx_word' id='word_1_15' title='bbox 1112 521 1147 585; x_wconf 93' lang='lat' dir='ltr'>p.</span> 
     </span>
     <span class='ocr_line' id='line_1_3' title="bbox 121 598 1150 688; baseline 0 -24"><span class='ocrx_word' id='word_1_16' title='bbox 121 603 209 682; x_wconf 71' lang='lat'>6402</span> <span class='ocrx_word' id='word_1_17' title='bbox 231 598 318 664; x_wconf 88' lang='lat' dir='ltr'>unde</span> <span class='ocrx_word' id='word_1_18' title='bbox 337 600 573 688; x_wconf 81' lang='lat' dir='ltr'>cognoscimus,</span> <span class='ocrx_word' id='word_1_19' title='bbox 596 623 672 666; x_wconf 89' lang='lat' dir='ltr'>eum</span> <span class='ocrx_word' id='word_1_20' title='bbox 693 600 863 687; x_wconf 77' lang='lat' dir='ltr'><strong>quotannis</strong></span> <span class='ocrx_word' id='word_1_21' title='bbox 884 602 918 666; x_wconf 88' lang='lat' dir='ltr'>in</span> <span class='ocrx_word' id='word_1_22' title='bbox 941 601 1150 673; x_wconf 77' lang='lat' dir='ltr'>Comicorum</span> 
     </span>
     <span class='ocr_line' id='line_1_4' title="bbox 93 701 1149 787; baseline 0.002 -21"><span class='ocrx_word' id='word_1_23' title='bbox 93 703 102 716; x_wconf 76' lang='grc'><strong>’</strong></span> <span class='ocrx_word' id='word_1_24' title='bbox 119 701 220 767; x_wconf 88' lang='lat' dir='ltr'>scenis</span> <span class='ocrx_word' id='word_1_25' title='bbox 241 701 398 786; x_wconf 80' lang='lat' dir='ltr'>agitatum</span> <span class='ocrx_word' id='word_1_26' title='bbox 417 701 518 783; x_wconf 80' lang='lat' dir='ltr'>fuisse,</span> <span class='ocrx_word' id='word_1_27' title='bbox 539 716 637 787; x_wconf 83' lang='lat' dir='ltr'>etque</span> <span class='ocrx_word' id='word_1_28' title='bbox 650 703 731 766; x_wconf 85' lang='lat' dir='ltr'>adeo</span> <span class='ocrx_word' id='word_1_29' title='bbox 748 701 934 767; x_wconf 85' lang='lat' dir='ltr'>Struttidem</span> <span class='ocrx_word' id='word_1_30' title='bbox 948 716 1055 768; x_wconf 88' lang='lat' dir='ltr'>totum</span> <span class='ocrx_word' id='word_1_31' title='bbox 1074 702 1149 768; x_wconf 80' lang='lat' dir='ltr'>dra·</span> 
     </span>
    </p>
   </div>
   <div class='ocr_carea' id='block_1_3' title="bbox 119 802 1151 890">
    <p class='ocr_par' dir='ltr' id='par_1_3' title="bbox 119 802 1151 890">
     <span class='ocr_line' id='line_1_5' title="bbox 119 802 1151 890; baseline -0.003 -17"><span class='ocrx_word' id='word_1_32' title='bbox 119 805 228 873; x_wconf 85' lang='lat' dir='ltr'>main</span> <span class='ocrx_word' id='word_1_33' title='bbox 250 827 326 877; x_wconf 76' lang='lat' dir='ltr'>eum</span> <span class='ocrx_word' id='word_1_34' title='bbox 349 804 503 890; x_wconf 83' lang='lat' dir='ltr'>scripsisse.</span> <span class='ocrx_word' id='word_1_35' title='bbox 537 805 771 890; x_wconf 80' lang='lat' dir='ltr'><strong>Harpocration</strong></span> <span class='ocrx_word' id='word_1_36' title='bbox 793 804 826 867; x_wconf 91' lang='lat' dir='ltr'>in</span> <span class='ocrx_word' id='word_1_37' title='bbox 849 826 926 870; x_wconf 86' lang='lat' dir='ltr'>voce</span> <span class='ocrx_word' id='word_1_38' title='bbox 943 805 1087 885; x_wconf 72' lang='grc' dir='ltr'><strong><em>Κινησίας,</em></strong></span> <span class='ocrx_word' id='word_1_39' title='bbox 1108 802 1151 870; x_wconf 83' lang='lat' dir='ltr'>sd</span> 
     </span>
    </p>
   </div>
   <div class='ocr_carea' id='block_1_4' title="bbox 118 905 1154 1908">
    <p class='ocr_par' dir='ltr' id='par_1_4' title="bbox 118 905 1150 993">
     <span class='ocr_line' id='line_1_6' title="bbox 118 905 1150 993; baseline 0 -21"><span class='ocrx_word' id='word_1_40' title='bbox 118 929 258 993; x_wconf 87' lang='lat' dir='ltr'>eumque</span> <span class='ocrx_word' id='word_1_41' title='bbox 278 907 324 977; x_wconf 88' lang='grc' dir='ltr'>Η.</span> <span class='ocrx_word' id='word_1_42' title='bbox 338 905 478 972; x_wconf 85' lang='lat' dir='ltr'>Vslefius</span> <span class='ocrx_word' id='word_1_43' title='bbox 499 928 532 993; x_wconf 89' lang='lat' dir='ltr'>p.</span> <span class='ocrx_word' id='word_1_44' title='bbox 547 920 604 989; x_wconf 82' lang='lat'>45.</span> <span class='ocrx_word' id='word_1_45' title='bbox 615 907 647 970; x_wconf 82' lang='lat' dir='ltr'>J.</span> <span class='ocrx_word' id='word_1_46' title='bbox 660 905 702 973; x_wconf 78' lang='grc' dir='ltr'>Α.</span> <span class='ocrx_word' id='word_1_47' title='bbox 718 905 879 970; x_wconf 79' lang='lat' dir='ltr'>Fabricius</span> <span class='ocrx_word' id='word_1_48' title='bbox 899 905 983 971; x_wconf 88' lang='lat' dir='ltr'>Bibl.</span> <span class='ocrx_word' id='word_1_49' title='bbox 999 907 1058 972; x_wconf 89' lang='lat' dir='ltr'>Gr.</span> <span class='ocrx_word' id='word_1_50' title='bbox 1073 905 1150 974; x_wconf 82' lang='lat' dir='ltr'>Vol.</span> 
     </span>
    </p>

    <p class='ocr_par' dir='ltr' id='par_1_5' title="bbox 119 1033 1154 1908">
     <span class='ocr_line' id='line_1_7' title="bbox 163 1033 1153 1198; baseline 0.003 -21"><span class='ocrx_word' id='word_1_51' title='bbox 163 1033 215 1180; x_wconf 50' lang='lat' dir='ltr'>iit.</span> <span class='ocrx_word' id='word_1_52' title='bbox 231 1113 274 1175; x_wconf 88' lang='lat' dir='ltr'>A.</span> <span class='ocrx_word' id='word_1_53' title='bbox 298 1111 330 1173; x_wconf 78' lang='lat' dir='ltr'>ri</span> <span class='ocrx_word' id='word_1_54' title='bbox 352 1117 400 1173; x_wconf 79' lang='grc' dir='ltr'>τοῦ</span> <span class='ocrx_word' id='word_1_55' title='bbox 422 1106 625 1197; x_wconf 52' lang='grc' dir='ltr'><strong><em>Βίωνθσρδς</em></strong></span> <span class='ocrx_word' id='word_1_56' title='bbox 646 1113 692 1174; x_wconf 80' lang='lat' dir='ltr'>ris</span> <span class='ocrx_word' id='word_1_57' title='bbox 713 1109 845 1197; x_wconf 55' lang='grc' dir='ltr'>Θέογνιν]</span> <span class='ocrx_word' id='word_1_58' title='bbox 881 1109 1081 1198; x_wconf 76' lang='lat' dir='ltr'>Theognidis</span> <span class='ocrx_word' id='word_1_59' title='bbox 1105 1109 1153 1179; x_wconf 70' lang='lat' dir='ltr'>est</span> 
     </span>
     <span class='ocr_line' id='line_1_8' title="bbox 121 1208 1153 1297; baseline 0.001 -21"><span class='ocrx_word' id='word_1_60' title='bbox 121 1213 262 1290; x_wconf 86' lang='lat' dir='ltr'>Gnoma,</span> <span class='ocrx_word' id='word_1_61' title='bbox 281 1209 371 1274; x_wconf 85' lang='lat' dir='ltr'>versu</span> <span class='ocrx_word' id='word_1_62' title='bbox 387 1224 458 1293; x_wconf 83' lang='lat'>177.</span> <span class='ocrx_word' id='word_1_63' title='bbox 481 1208 567 1294; x_wconf 77' lang='lat' dir='ltr'>apud</span> <span class='ocrx_word' id='word_1_64' title='bbox 585 1211 677 1275; x_wconf 89' lang='lat' dir='ltr'>Stob.</span> <span class='ocrx_word' id='word_1_65' title='bbox 701 1233 733 1297; x_wconf 90' lang='lat' dir='ltr'>p.</span> <span class='ocrx_word' id='word_1_66' title='bbox 748 1226 833 1294; x_wconf 83' lang='lat'>517:</span> <span class='ocrx_word' id='word_1_67' title='bbox 857 1209 1101 1296; x_wconf 70' lang='lat' dir='ltr'>reprehenditur</span> <span class='ocrx_word' id='word_1_68' title='bbox 1115 1222 1153 1277; x_wconf 83' lang='lat' dir='ltr'>ct</span> 
     </span>
     <span class='ocr_line' id='line_1_9' title="bbox 121 1309 1153 1398; baseline -0.001 -21"><span class='ocrx_word' id='word_1_69' title='bbox 121 1335 142 1378; x_wconf 84' lang='lat' dir='ltr'>a</span> <span class='ocrx_word' id='word_1_70' title='bbox 163 1311 306 1376; x_wconf 88' lang='lat' dir='ltr'>Luciano</span> <span class='ocrx_word' id='word_1_71' title='bbox 327 1309 368 1375; x_wconf 86' lang='lat' dir='ltr'>de</span> <span class='ocrx_word' id='word_1_72' title='bbox 390 1309 542 1375; x_wconf 78' lang='lat' dir='ltr'>Mercede</span> <span class='ocrx_word' id='word_1_73' title='bbox 558 1309 746 1391; x_wconf 74' lang='lat' dir='ltr'>Conduttis,</span> <span class='ocrx_word' id='word_1_74' title='bbox 760 1325 793 1396; x_wconf 82' lang='lat'>5.</span> <span class='ocrx_word' id='word_1_75' title='bbox 807 1312 847 1375; x_wconf 90' lang='grc' dir='ltr'>Τ.</span> <span class='ocrx_word' id='word_1_76' title='bbox 863 1312 891 1376; x_wconf 92' lang='grc' dir='ltr'>Ι.</span> <span class='ocrx_word' id='word_1_77' title='bbox 914 1334 948 1398; x_wconf 90' lang='lat' dir='ltr'>p.</span> <span class='ocrx_word' id='word_1_78' title='bbox 962 1313 1038 1396; x_wconf 83' lang='lat'><strong>659.</strong></span> <span class='ocrx_word' id='word_1_79' title='bbox 1068 1310 1153 1389; x_wconf 71' lang='lat' dir='ltr'>Aliis</span> 
     </span>
     <span class='ocr_line' id='line_1_10' title="bbox 119 1410 1151 1498; baseline -0.002 -20"><span class='ocrx_word' id='word_1_80' title='bbox 119 1414 223 1478; x_wconf 78' lang='lat' dir='ltr'>verbis</span> <span class='ocrx_word' id='word_1_81' title='bbox 244 1412 304 1477; x_wconf 87' lang='lat' dir='ltr'>hos</span> <span class='ocrx_word' id='word_1_82' title='bbox 321 1411 424 1476; x_wconf 86' lang='lat' dir='ltr'>versus</span> <span class='ocrx_word' id='word_1_83' title='bbox 445 1410 671 1497; x_wconf 84' lang='lat' dir='ltr'>interpretatur</span> <span class='ocrx_word' id='word_1_84' title='bbox 684 1411 908 1477; x_wconf 69' lang='lat' dir='ltr'>Artemidorus</span> <span class='ocrx_word' id='word_1_85' title='bbox 928 1413 955 1477; x_wconf 93' lang='lat' dir='ltr'>l.</span> <span class='ocrx_word' id='word_1_86' title='bbox 970 1431 1024 1498; x_wconf 77' lang='lat'>34.</span> <span class='ocrx_word' id='word_1_87' title='bbox 1047 1434 1081 1498; x_wconf 90' lang='lat' dir='ltr'>p.</span> <span class='ocrx_word' id='word_1_88' title='bbox 1094 1429 1151 1498; x_wconf 77' lang='lat'>32.</span> 
     </span>
     <span class='ocr_line' id='line_1_11' title="bbox 121 1510 1152 1602; baseline -0.001 -22"><span class='ocrx_word' id='word_1_89' title='bbox 121 1517 170 1580; x_wconf 82' lang='lat' dir='ltr'>Ex</span> <span class='ocrx_word' id='word_1_90' title='bbox 183 1513 268 1580; x_wconf 65' lang='lat' dir='ltr'>didio</span> <span class='ocrx_word' id='word_1_91' title='bbox 281 1512 401 1592; x_wconf 83' lang='lat' dir='ltr'>Bionis,</span> <span class='ocrx_word' id='word_1_92' title='bbox 420 1517 488 1587; x_wconf 82' lang='grc' dir='ltr'>Πῶς</span> <span class='ocrx_word' id='word_1_93' title='bbox 501 1510 545 1577; x_wconf 68' lang='grc' dir='ltr'>οὖν</span> <span class='ocrx_word' id='word_1_94' title='bbox 557 1514 594 1577; x_wconf 76' lang='grc' dir='ltr'>σὺ</span> <span class='ocrx_word' id='word_1_95' title='bbox 606 1513 683 1591; x_wconf 64' lang='grc' dir='ltr'><em>πίνης</em></span> <span class='ocrx_word' id='word_1_96' title='bbox 696 1512 731 1581; x_wconf 71' lang='lat' dir='ltr'>dv</span> <span class='ocrx_word' id='word_1_97' title='bbox 743 1520 869 1602; x_wconf 72' lang='grc' dir='ltr'>φλυαρεῖς</span> <span class='ocrx_word' id='word_1_98' title='bbox 882 1522 1008 1579; x_wconf 67' lang='grc' dir='ltr'>τοσαῦτα</span> <span class='ocrx_word' id='word_1_99' title='bbox 1021 1515 1043 1602; x_wconf 72' lang='lat' dir='ltr'>‘i</span> <span class='ocrx_word' id='word_1_100' title='bbox 1059 1543 1152 1580; x_wconf 68' lang='lat' dir='ltr'>xor«-</span> 
     </span>
     <span class='ocr_line' id='line_1_12' title="bbox 120 1614 1154 1702; baseline 0.005 -22"><span class='ocrx_word' id='word_1_101' title='bbox 120 1621 243 1702; x_wconf 74' lang='grc' dir='ltr'>δολεχᾶς</span> <span class='ocrx_word' id='word_1_102' title='bbox 266 1623 352 1698; x_wconf 72' lang='grc' dir='ltr'><strong>ἡμῶν,</strong></span> <span class='ocrx_word' id='word_1_103' title='bbox 376 1614 635 1681; x_wconf 74' lang='lat' dir='ltr'>Plutarchecrum</span> <span class='ocrx_word' id='word_1_104' title='bbox 657 1616 812 1682; x_wconf 90' lang='lat' dir='ltr'>librorum</span> <span class='ocrx_word' id='word_1_105' title='bbox 835 1617 986 1693; x_wconf 84' lang='lat' dir='ltr'>studiosus</span> <span class='ocrx_word' id='word_1_106' title='bbox 1005 1619 1154 1685; x_wconf 73' lang='lat' dir='ltr'>Julianus</span> 
     </span>
     <span class='ocr_line' id='line_1_13' title="bbox 120 1714 1154 1804; baseline 0.003 -21"><span class='ocrx_word' id='word_1_107' title='bbox 120 1717 241 1783; x_wconf 81' lang='lat' dir='ltr'>duxisse</span> <span class='ocrx_word' id='word_1_108' title='bbox 253 1717 378 1783; x_wconf 86' lang='lat' dir='ltr'>ridetur</span> <span class='ocrx_word' id='word_1_109' title='bbox 391 1715 455 1783; x_wconf 87' lang='lat' dir='ltr'>hoc</span> <span class='ocrx_word' id='word_1_110' title='bbox 478 1714 510 1780; x_wconf 91' lang='lat' dir='ltr'>in</span> <span class='ocrx_word' id='word_1_111' title='bbox 532 1717 629 1802; x_wconf 85' lang='lat' dir='ltr'>Epist.</span> <span class='ocrx_word' id='word_1_112' title='bbox 646 1717 738 1783; x_wconf 78' lang='lat' dir='ltr'>xw.</span> <span class='ocrx_word' id='word_1_113' title='bbox 761 1739 794 1804; x_wconf 88' lang='lat' dir='ltr'>p.</span> <span class='ocrx_word' id='word_1_114' title='bbox 807 1720 882 1804; x_wconf 79' lang='lat'><strong>381.</strong></span> <span class='ocrx_word' id='word_1_115' title='bbox 896 1721 950 1785; x_wconf 84' lang='lat' dir='ltr'>D:</span> <span class='ocrx_word' id='word_1_116' title='bbox 973 1726 1074 1785; x_wconf 71' lang='lat' dir='ltr'>Tadu</span> <span class='ocrx_word' id='word_1_117' title='bbox 1088 1721 1154 1798; x_wconf 67' lang='lat' dir='ltr'>irus</span> 
     </span>
     <span class='ocr_line' id='line_1_14' title="bbox 121 1819 1152 1908; baseline 0.003 -22"><span class='ocrx_word' id='word_1_118' title='bbox 121 1820 337 1907; x_wconf 66' lang='grc' dir='ltr'>κατηδολέχησᾶ</span> <span class='ocrx_word' id='word_1_119' title='bbox 350 1846 388 1883; x_wconf 81' lang='lat' dir='ltr'>cs</span> <span class='ocrx_word' id='word_1_120' title='bbox 402 1821 424 1906; x_wconf 60' lang='grc' dir='ltr'>»ᾖ</span> <span class='ocrx_word' id='word_1_121' title='bbox 438 1820 626 1906; x_wconf 70' lang='grc' dir='ltr'>κατελήρησα.</span> <span class='ocrx_word' id='word_1_122' title='bbox 663 1819 749 1885; x_wconf 87' lang='lat' dir='ltr'>lllud</span> <span class='ocrx_word' id='word_1_123' title='bbox 769 1822 901 1887; x_wconf 79' lang='lat' dir='ltr'>verbum</span> <span class='ocrx_word' id='word_1_124' title='bbox 915 1823 1041 1908; x_wconf 62' lang='lat' dir='ltr'>reponit</span> <span class='ocrx_word' id='word_1_125' title='bbox 1061 1823 1152 1895; x_wconf 76' lang='lat' dir='ltr'>Plut-</span> 
     </span>
    </p>
   </div>
   <div class='ocr_carea' id='block_1_5' title="bbox 120 1920 1269 2011">
    <p class='ocr_par' dir='ltr' id='par_1_6' title="bbox 120 1920 1269 2011">
     <span class='ocr_line' id='line_1_15' title="bbox 120 1920 1269 2011; baseline 0.003 -25"><span class='ocrx_word' id='word_1_126' title='bbox 120 1922 237 1987; x_wconf 80' lang='lat' dir='ltr'>archus</span> <span class='ocrx_word' id='word_1_127' title='bbox 259 1923 310 1987; x_wconf 88' lang='lat' dir='ltr'>De</span> <span class='ocrx_word' id='word_1_128' title='bbox 331 1920 457 1986; x_wconf 74' lang='lat' dir='ltr'>Garrul.</span> <span class='ocrx_word' id='word_1_129' title='bbox 479 1941 512 2006; x_wconf 91' lang='lat' dir='ltr'>p.</span> <span class='ocrx_word' id='word_1_130' title='bbox 528 1921 667 2005; x_wconf 81' lang='lat' dir='ltr'><strong>503.B:</strong></span> <span class='ocrx_word' id='word_1_131' title='bbox 691 1920 904 2011; x_wconf 71' lang='grc' dir='ltr'>καηδολέχηκά</span> <span class='ocrx_word' id='word_1_132' title='bbox 928 1948 989 2003; x_wconf 76' lang='grc' dir='ltr'>σου,</span> <span class='ocrx_word' id='word_1_133' title='bbox 1010 1923 1152 2007; x_wconf 62' lang='lat' dir='ltr'>cassem.</span> <span class='ocrx_word' id='word_1_134' title='bbox 1255 1923 1269 1940; x_wconf 82' lang='lat'><strong><em>‘</em></strong></span> 
     </span>
    </p>
   </div>
   <div class='ocr_carea' id='block_1_6' title="bbox 118 2020 1157 2720">
    <p class='ocr_par' dir='ltr' id='par_1_7' title="bbox 118 2020 1157 2720">
     <span class='ocr_line' id='line_1_16' title="bbox 121 2020 1152 2109; baseline 0.002 -21"><span class='ocrx_word' id='word_1_135' title='bbox 121 2021 236 2088; x_wconf 80' lang='lat' dir='ltr'>Suides</span> <span class='ocrx_word' id='word_1_136' title='bbox 254 2021 286 2085; x_wconf 90' lang='lat' dir='ltr'>in</span> <span class='ocrx_word' id='word_1_137' title='bbox 305 2043 381 2085; x_wconf 77' lang='lat' dir='ltr'>vnce</span> <span class='ocrx_word' id='word_1_138' title='bbox 395 2020 624 2105; x_wconf 67' lang='grc' dir='ltr'>Κατηὸολὲχηά</span> <span class='ocrx_word' id='word_1_139' title='bbox 643 2047 682 2084; x_wconf 80' lang='lat' dir='ltr'>cs</span> <span class='ocrx_word' id='word_1_140' title='bbox 703 2022 893 2087; x_wconf 81' lang='lat' dir='ltr'>alterutrum</span> <span class='ocrx_word' id='word_1_141' title='bbox 907 2023 1015 2094; x_wconf 85' lang='lat' dir='ltr'>lucum</span> <span class='ocrx_word' id='word_1_142' title='bbox 1030 2023 1152 2109; x_wconf 66' lang='lat' dir='ltr'>spedis-</span> 
     </span>
     <span class='ocr_line' id='line_1_17' title="bbox 120 2118 1154 2209; baseline 0.005 -23"><span class='ocrx_word' id='word_1_143' title='bbox 120 2122 189 2187; x_wconf 83' lang='lat' dir='ltr'>vit=</span> <span class='ocrx_word' id='word_1_144' title='bbox 218 2143 414 2209; x_wconf 78' lang='lat' dir='ltr'>quamquam</span> <span class='ocrx_word' id='word_1_145' title='bbox 436 2118 477 2184; x_wconf 84' lang='lat' dir='ltr'>ad</span> <span class='ocrx_word' id='word_1_146' title='bbox 497 2120 663 2191; x_wconf 83' lang='lat' dir='ltr'>lulianum</span> <span class='ocrx_word' id='word_1_147' title='bbox 685 2122 782 2186; x_wconf 86' lang='lat' dir='ltr'>ressrt</span> <span class='ocrx_word' id='word_1_148' title='bbox 802 2122 947 2208; x_wconf 82' lang='lat' dir='ltr'>Toupius</span> <span class='ocrx_word' id='word_1_149' title='bbox 968 2124 1047 2188; x_wconf 90' lang='lat' dir='ltr'>Cur.</span> <span class='ocrx_word' id='word_1_150' title='bbox 1068 2126 1154 2191; x_wconf 81' lang='lat' dir='ltr'>Nor.</span> 
     </span>
     <span class='ocr_line' id='line_1_18' title="bbox 122 2222 1155 2312; baseline 0.001 -25"><span class='ocrx_word' id='word_1_151' title='bbox 122 2244 157 2310; x_wconf 87' lang='lat' dir='ltr'>p.</span> <span class='ocrx_word' id='word_1_152' title='bbox 171 2239 224 2308; x_wconf 82' lang='lat'>74.</span> <span class='ocrx_word' id='word_1_153' title='bbox 258 2223 341 2288; x_wconf 88' lang='lat' dir='ltr'>Bion</span> <span class='ocrx_word' id='word_1_154' title='bbox 362 2222 596 2309; x_wconf 68' lang='lat' dir='ltr'>Borysthenio,</span> <span class='ocrx_word' id='word_1_155' title='bbox 615 2223 706 2310; x_wconf 86' lang='lat' dir='ltr'>cujus</span> <span class='ocrx_word' id='word_1_156' title='bbox 719 2222 817 2287; x_wconf 80' lang='lat' dir='ltr'>vitem</span> <span class='ocrx_word' id='word_1_157' title='bbox 835 2223 976 2310; x_wconf 86' lang='lat' dir='ltr'>prodidit</span> <span class='ocrx_word' id='word_1_158' title='bbox 989 2223 1155 2312; x_wconf 70' lang='lat' dir='ltr'>Diogenn</span> 
     </span>
     <span class='ocr_line' id='line_1_19' title="bbox 118 2321 1154 2412; baseline 0.002 -22"><span class='ocrx_word' id='word_1_159' title='bbox 118 2326 230 2390; x_wconf 73' lang='lat' dir='ltr'>Laert.</span> <span class='ocrx_word' id='word_1_160' title='bbox 246 2324 305 2388; x_wconf 91' lang='lat' dir='ltr'>IV.</span> <span class='ocrx_word' id='word_1_161' title='bbox 323 2323 379 2403; x_wconf 85' lang='lat'>46.</span> <span class='ocrx_word' id='word_1_162' title='bbox 400 2334 435 2386; x_wconf 93' lang='lat' dir='ltr'>et</span> <span class='ocrx_word' id='word_1_163' title='bbox 449 2322 513 2408; x_wconf 90' lang='lat' dir='ltr'>seq.</span> <span class='ocrx_word' id='word_1_164' title='bbox 537 2321 741 2393; x_wconf 82' lang='lat' dir='ltr'>nobiliffimus</span> <span class='ocrx_word' id='word_1_165' title='bbox 763 2323 847 2393; x_wconf 87' lang='lat' dir='ltr'>inter</span> <span class='ocrx_word' id='word_1_166' title='bbox 870 2323 1076 2412; x_wconf 68' lang='lat' dir='ltr'>Philosophus</span> <span class='ocrx_word' id='word_1_167' title='bbox 1089 2328 1154 2392; x_wconf 72' lang='lat' dir='ltr'>So.</span> 
     </span>
     <span class='ocr_line' id='line_1_20' title="bbox 122 2422 1154 2511; baseline 0.004 -20"><span class='ocrx_word' id='word_1_168' title='bbox 122 2423 224 2511; x_wconf 83' lang='lat' dir='ltr'>phistn</span> <span class='ocrx_word' id='word_1_169' title='bbox 244 2438 277 2488; x_wconf 88' lang='lat' dir='ltr'>ct</span> <span class='ocrx_word' id='word_1_170' title='bbox 295 2422 379 2490; x_wconf 88' lang='lat' dir='ltr'>inter</span> <span class='ocrx_word' id='word_1_171' title='bbox 392 2424 553 2509; x_wconf 74' lang='lat' dir='ltr'>Sophistrs</span> <span class='ocrx_word' id='word_1_172' title='bbox 567 2423 789 2510; x_wconf 79' lang='lat' dir='ltr'>Philosophus,</span> <span class='ocrx_word' id='word_1_173' title='bbox 807 2425 901 2511; x_wconf 70' lang='lat' dir='ltr'>piane</span> <span class='ocrx_word' id='word_1_174' title='bbox 920 2426 1024 2492; x_wconf 75' lang='lat' dir='ltr'>fedius</span> <span class='ocrx_word' id='word_1_175' title='bbox 1043 2428 1086 2493; x_wconf 82' lang='lat' dir='ltr'>ad</span> <span class='ocrx_word' id='word_1_176' title='bbox 1098 2452 1154 2496; x_wconf 75' lang='lat' dir='ltr'>ra·</span> 
     </span>
     <span class='ocr_line' id='line_1_21' title="bbox 123 2525 1154 2614; baseline 0.01 -23"><span class='ocrx_word' id='word_1_177' title='bbox 123 2547 181 2593; x_wconf 85' lang='lat' dir='ltr'>nas</span> <span class='ocrx_word' id='word_1_178' title='bbox 208 2525 375 2614; x_wconf 83' lang='lat' dir='ltr'>opiniones</span> <span class='ocrx_word' id='word_1_179' title='bbox 401 2527 571 2613; x_wconf 77' lang='lat' dir='ltr'>pravasque</span> <span class='ocrx_word' id='word_1_180' title='bbox 598 2527 790 2613; x_wconf 79' lang='lat' dir='ltr'>cupiditates</span> <span class='ocrx_word' id='word_1_181' title='bbox 820 2529 962 2594; x_wconf 78' lang='lat' dir='ltr'>mordaci</span> <span class='ocrx_word' id='word_1_182' title='bbox 985 2529 1154 2601; x_wconf 73' lang='lat' dir='ltr'>dicacitate</span> 
     </span>
     <span class='ocr_line' id='line_1_22' title="bbox 123 2628 1157 2720; baseline 0.01 -28"><span class='ocrx_word' id='word_1_183' title='bbox 123 2628 357 2694; x_wconf 79' lang='lat' dir='ltr'>confutandas:</span> <span class='ocrx_word' id='word_1_184' title='bbox 387 2651 452 2715; x_wconf 92' lang='lat' dir='ltr'>quo</span> <span class='ocrx_word' id='word_1_185' title='bbox 481 2650 520 2692; x_wconf 88' lang='lat' dir='ltr'>ex</span> <span class='ocrx_word' id='word_1_186' title='bbox 548 2651 665 2715; x_wconf 83' lang='lat' dir='ltr'>genere</span> <span class='ocrx_word' id='word_1_187' title='bbox 692 2630 797 2694; x_wconf 72' lang='lat' dir='ltr'>multa</span> <span class='ocrx_word' id='word_1_188' title='bbox 822 2629 893 2717; x_wconf 84' lang='lat' dir='ltr'>ejus</span> <span class='ocrx_word' id='word_1_189' title='bbox 917 2631 1157 2720; x_wconf 71' lang='lat' dir='ltr'>acutissimeque</span> 
     </span>
    </p>
   </div>
   <div class='ocr_carea' id='block_1_7' title="bbox 122 2730 1252 2820">
    <p class='ocr_par' dir='ltr' id='par_1_8' title="bbox 122 2730 1252 2820">
     <span class='ocr_line' id='line_1_23' title="bbox 122 2730 1252 2820; baseline 0.004 -24"><span class='ocrx_word' id='word_1_190' title='bbox 122 2733 244 2797; x_wconf 85' lang='lat' dir='ltr'>exstant</span> <span class='ocrx_word' id='word_1_191' title='bbox 269 2731 412 2811; x_wconf 73' lang='lat' dir='ltr'>dicteria,</span> <span class='ocrx_word' id='word_1_192' title='bbox 441 2754 506 2797; x_wconf 92' lang='lat' dir='ltr'>non</span> <span class='ocrx_word' id='word_1_193' title='bbox 533 2730 635 2795; x_wconf 88' lang='lat' dir='ltr'>solum</span> <span class='ocrx_word' id='word_1_194' title='bbox 663 2731 954 2820; x_wconf 80' lang='lat' dir='ltr'>apudDiogcnem</span> <span class='ocrx_word' id='word_1_195' title='bbox 977 2735 1155 2817; x_wconf 68' lang='lat' dir='ltr'>laertium,</span> <span class='ocrx_word' id='word_1_196' title='bbox 1245 2736 1252 2753; x_wconf 75' lang='lat'><strong>¹</strong></span> 
     </span>
    </p>
   </div>
   <div class='ocr_carea' id='block_1_8' title="bbox 122 2831 1263 4342">
    <p class='ocr_par' dir='ltr' id='par_1_9' title="bbox 122 2831 1263 3526">
     <span class='ocr_line' id='line_1_24' title="bbox 124 2831 1156 2920; baseline 0.006 -24"><span class='ocrx_word' id='word_1_197' title='bbox 124 2854 197 2920; x_wconf 75' lang='lat' dir='ltr'>que</span> <span class='ocrx_word' id='word_1_198' title='bbox 218 2832 366 2897; x_wconf 84' lang='lat' dir='ltr'>Erasmus</span> <span class='ocrx_word' id='word_1_199' title='bbox 388 2831 717 2919; x_wconf 82' lang='lat' dir='ltr'>Apophthegmatum</span> <span class='ocrx_word' id='word_1_200' title='bbox 738 2832 836 2899; x_wconf 89' lang='lat' dir='ltr'>Libro</span> <span class='ocrx_word' id='word_1_201' title='bbox 850 2836 928 2899; x_wconf 89' lang='lat' dir='ltr'>Vll.</span> <span class='ocrx_word' id='word_1_202' title='bbox 947 2835 1078 2902; x_wconf 84' lang='lat' dir='ltr'>retulit:</span> <span class='ocrx_word' id='word_1_203' title='bbox 1102 2837 1156 2902; x_wconf 79' lang='lat' dir='ltr'>scd</span> 
     </span>
     <span class='ocr_line' id='line_1_25' title="bbox 122 2931 1156 3020; baseline 0.004 -22"><span class='ocrx_word' id='word_1_204' title='bbox 122 2947 159 2998; x_wconf 86' lang='lat' dir='ltr'>ct</span> <span class='ocrx_word' id='word_1_205' title='bbox 171 2931 258 3020; x_wconf 87' lang='lat' dir='ltr'>apud</span> <span class='ocrx_word' id='word_1_206' title='bbox 271 2932 351 2996; x_wconf 89' lang='lat' dir='ltr'>alios</span> <span class='ocrx_word' id='word_1_207' title='bbox 364 2932 525 3018; x_wconf 82' lang='lat' dir='ltr'>Antiquos</span> <span class='ocrx_word' id='word_1_208' title='bbox 538 2959 546 2997; x_wconf 76' lang='grc' dir='ltr'><em>τ</em></span> <span class='ocrx_word' id='word_1_209' title='bbox 570 2933 668 3019; x_wconf 86' lang='lat' dir='ltr'>digna</span> <span class='ocrx_word' id='word_1_210' title='bbox 681 2934 764 3011; x_wconf 84' lang='lat' dir='ltr'>sans,</span> <span class='ocrx_word' id='word_1_211' title='bbox 778 2956 852 3020; x_wconf 83' lang='lat' dir='ltr'>quse</span> <span class='ocrx_word' id='word_1_212' title='bbox 866 2957 941 2998; x_wconf 87' lang='lat' dir='ltr'>cum</span> <span class='ocrx_word' id='word_1_213' title='bbox 954 2936 1032 3001; x_wconf 79' lang='lat' dir='ltr'>Vita</span> <span class='ocrx_word' id='word_1_214' title='bbox 1046 2937 1102 3001; x_wconf 90' lang='lat' dir='ltr'>viri</span> <span class='ocrx_word' id='word_1_215' title='bbox 1114 2936 1156 3003; x_wconf 83' lang='lat' dir='ltr'>nd</span> 
     </span>
     <span class='ocr_line' id='line_1_26' title="bbox 123 3033 1157 3123; baseline 0.003 -25"><span class='ocrx_word' id='word_1_216' title='bbox 123 3033 270 3098; x_wconf 89' lang='lat' dir='ltr'>criticam</span> <span class='ocrx_word' id='word_1_217' title='bbox 284 3033 485 3120; x_wconf 85' lang='lat' dir='ltr'>diligentiam</span> <span class='ocrx_word' id='word_1_218' title='bbox 507 3033 650 3112; x_wconf 64' lang='lat' dir='ltr'>tradate,</span> <span class='ocrx_word' id='word_1_219' title='bbox 673 3033 713 3097; x_wconf 84' lang='lat' dir='ltr'>ad</span> <span class='ocrx_word' id='word_1_220' title='bbox 732 3033 936 3121; x_wconf 71' lang='lat' dir='ltr'>elegantioris</span> <span class='ocrx_word' id='word_1_221' title='bbox 956 3037 1157 3123; x_wconf 69' lang='lat' dir='ltr'>antiquitatis¹</span> 
     </span>
     <span class='ocr_line' id='line_1_27' title="bbox 123 3133 1156 3222; baseline 0.003 -21"><span class='ocrx_word' id='word_1_222' title='bbox 123 3149 222 3222; x_wconf 82' lang='lat' dir='ltr'>atque</span> <span class='ocrx_word' id='word_1_223' title='bbox 235 3135 368 3200; x_wconf 90' lang='lat' dir='ltr'>omnino</span> <span class='ocrx_word' id='word_1_224' title='bbox 385 3133 545 3220; x_wconf 78' lang='lat' dir='ltr'>sapientire</span> <span class='ocrx_word' id='word_1_225' title='bbox 560 3134 765 3201; x_wconf 85' lang='lat' dir='ltr'>studiosorum</span> <span class='ocrx_word' id='word_1_226' title='bbox 780 3134 999 3222; x_wconf 81' lang='lat' dir='ltr'>cognitionem</span> <span class='ocrx_word' id='word_1_227' title='bbox 1013 3137 1156 3204; x_wconf 66' lang='lat' dir='ltr'>celebra-</span> 
     </span>
     <span class='ocr_line' id='line_1_28' title="bbox 125 3235 1156 3328; baseline 0.005 -28"><span class='ocrx_word' id='word_1_228' title='bbox 125 3249 247 3314; x_wconf 80' lang='lat' dir='ltr'>rentur.</span> <span class='ocrx_word' id='word_1_229' title='bbox 291 3237 340 3299; x_wconf 84' lang='lat' dir='ltr'>Ex</span> <span class='ocrx_word' id='word_1_230' title='bbox 366 3235 596 3300; x_wconf 84' lang='lat' dir='ltr'>recentioribus</span> <span class='ocrx_word' id='word_1_231' title='bbox 620 3236 653 3299; x_wconf 91' lang='lat' dir='ltr'>in</span> <span class='ocrx_word' id='word_1_232' title='bbox 675 3235 786 3322; x_wconf 86' lang='lat' dir='ltr'>primis</span> <span class='ocrx_word' id='word_1_233' title='bbox 808 3237 896 3303; x_wconf 89' lang='lat' dir='ltr'>hunc</span> <span class='ocrx_word' id='word_1_234' title='bbox 917 3238 1025 3302; x_wconf 92' lang='lat' dir='ltr'>locum</span> <span class='ocrx_word' id='word_1_235' title='bbox 1046 3239 1156 3328; x_wconf 80' lang='lat' dir='ltr'>attigit</span> 
     </span>
     <span class='ocr_line' id='line_1_29' title="bbox 125 3335 1263 3430; baseline 0.006 -29"><span class='ocrx_word' id='word_1_236' title='bbox 125 3337 162 3401; x_wconf 90' lang='lat' dir='ltr'>P.</span> <span class='ocrx_word' id='word_1_237' title='bbox 184 3335 316 3424; x_wconf 87' lang='lat' dir='ltr'>Baylius</span> <span class='ocrx_word' id='word_1_238' title='bbox 344 3335 522 3401; x_wconf 76' lang='lat' dir='ltr'>Didiionar.</span> <span class='ocrx_word' id='word_1_239' title='bbox 549 3337 631 3401; x_wconf 81' lang='lat' dir='ltr'>Hist.</span> <span class='ocrx_word' id='word_1_240' title='bbox 659 3350 693 3401; x_wconf 90' lang='lat' dir='ltr'>et</span> <span class='ocrx_word' id='word_1_241' title='bbox 721 3337 833 3403; x_wconf 90' lang='lat' dir='ltr'>Critic.</span> <span class='ocrx_word' id='word_1_242' title='bbox 861 3361 930 3404; x_wconf 88' lang='lat' dir='ltr'>voc.</span> <span class='ocrx_word' id='word_1_243' title='bbox 956 3339 1057 3406; x_wconf 78' lang='lat' dir='ltr'>Bions</span> <span class='ocrx_word' id='word_1_244' title='bbox 1088 3344 1156 3430; x_wconf 63' lang='lat' dir='ltr'>post</span> <span class='ocrx_word' id='word_1_245' title='bbox 1260 3422 1263 3429; x_wconf 89' lang='lat'><strong>.</strong></span> 
     </span>
     <span class='ocr_line' id='line_1_30' title="bbox 122 3439 1155 3526; baseline 0.004 -20"><span class='ocrx_word' id='word_1_246' title='bbox 122 3461 200 3506; x_wconf 84' lang='lat' dir='ltr'>cum</span> <span class='ocrx_word' id='word_1_247' title='bbox 214 3440 351 3505; x_wconf 83' lang='lat' dir='ltr'>breviter</span> <span class='ocrx_word' id='word_1_248' title='bbox 368 3439 544 3526; x_wconf 81' lang='lat' dir='ltr'>perstrinxit</span> <span class='ocrx_word' id='word_1_249' title='bbox 556 3440 587 3505; x_wconf 92' lang='lat' dir='ltr'>J.</span> <span class='ocrx_word' id='word_1_250' title='bbox 600 3440 643 3504; x_wconf 82' lang='lat' dir='ltr'>A.</span> <span class='ocrx_word' id='word_1_251' title='bbox 656 3439 815 3505; x_wconf 83' lang='lat' dir='ltr'>Fabricius</span> <span class='ocrx_word' id='word_1_252' title='bbox 835 3440 989 3507; x_wconf 89' lang='lat' dir='ltr'>Biblioth.</span> <span class='ocrx_word' id='word_1_253' title='bbox 1004 3444 1062 3509; x_wconf 87' lang='lat' dir='ltr'>Gr.</span> <span class='ocrx_word' id='word_1_254' title='bbox 1077 3445 1155 3522; x_wconf 73' lang='lat' dir='ltr'>Vol.</span> 
     </span>
    </p>

    <p class='ocr_par' dir='ltr' id='par_1_10' title="bbox 168 3639 1157 3730">
     <span class='ocr_line' id='line_1_31' title="bbox 168 3639 1157 3730; baseline 0.007 -21"><span class='ocrx_word' id='word_1_255' title='bbox 168 3661 222 3711; x_wconf 76' lang='lat'>22.</span> <span class='ocrx_word' id='word_1_256' title='bbox 237 3644 277 3709; x_wconf 92' lang='grc' dir='ltr'>Β.</span> <span class='ocrx_word' id='word_1_257' title='bbox 303 3648 351 3721; x_wconf 75' lang='grc' dir='ltr'>τῆς</span> <span class='ocrx_word' id='word_1_258' title='bbox 366 3639 581 3729; x_wconf 52' lang='lat' dir='ltr'>accepisse-4</span> <span class='ocrx_word' id='word_1_259' title='bbox 608 3643 684 3708; x_wconf 92' lang='lat' dir='ltr'>Non</span> <span class='ocrx_word' id='word_1_260' title='bbox 699 3655 778 3723; x_wconf 82' lang='lat' dir='ltr'>erat,</span> <span class='ocrx_word' id='word_1_261' title='bbox 793 3641 881 3730; x_wconf 85' lang='lat' dir='ltr'>quod</span> <span class='ocrx_word' id='word_1_262' title='bbox 901 3644 1046 3715; x_wconf 80' lang='lat' dir='ltr'>Krcblius</span> <span class='ocrx_word' id='word_1_263' title='bbox 1067 3647 1157 3720; x_wconf 85' lang='lat' dir='ltr'>hunc</span> 
     </span>
    </p>

    <p class='ocr_par' dir='ltr' id='par_1_11' title="bbox 124 3742 1210 4342">
     <span class='ocr_line' id='line_1_32' title="bbox 124 3742 1155 3836; baseline 0.005 -27"><span class='ocrx_word' id='word_1_264' title='bbox 124 3742 234 3810; x_wconf 87' lang='lat' dir='ltr'>locum</span> <span class='ocrx_word' id='word_1_265' title='bbox 256 3746 439 3825; x_wconf 87' lang='lat' dir='ltr'>obscurum,</span> <span class='ocrx_word' id='word_1_266' title='bbox 462 3755 518 3808; x_wconf 81' lang='lat' dir='ltr'>aut</span> <span class='ocrx_word' id='word_1_267' title='bbox 539 3743 726 3829; x_wconf 86' lang='lat' dir='ltr'>interpretes</span> <span class='ocrx_word' id='word_1_268' title='bbox 752 3745 957 3832; x_wconf 85' lang='lat' dir='ltr'>negligentes·</span> <span class='ocrx_word' id='word_1_269' title='bbox 972 3747 1155 3836; x_wconf 75' lang='lat' dir='ltr'>judicaret:</span> 
     </span>
     <span class='ocr_line' id='line_1_33' title="bbox 125 3844 1210 3934; baseline 0.006 -21"><span class='ocrx_word' id='word_1_270' title='bbox 125 3846 182 3933; x_wconf 90' lang='lat' dir='ltr'>qui</span> <span class='ocrx_word' id='word_1_271' title='bbox 197 3847 327 3934; x_wconf 88' lang='lat' dir='ltr'>quidem</span> <span class='ocrx_word' id='word_1_272' title='bbox 341 3845 484 3934; x_wconf 87' lang='lat' dir='ltr'>plerique</span> <span class='ocrx_word' id='word_1_273' title='bbox 498 3844 532 3910; x_wconf 87' lang='lat' dir='ltr'>in</span> <span class='ocrx_word' id='word_1_274' title='bbox 545 3845 670 3909; x_wconf 67' lang='grc' dir='ltr'>ἀναλύειν</span> <span class='ocrx_word' id='word_1_275' title='bbox 682 3850 729 3925; x_wconf 68' lang='grc' dir='ltr'>τὴν</span> <span class='ocrx_word' id='word_1_276' title='bbox 743 3847 852 3930; x_wconf 75' lang='grc' dir='ltr'>δύναμιν</span> <span class='ocrx_word' id='word_1_277' title='bbox 871 3849 994 3915; x_wconf 73' lang='lat' dir='ltr'>Graecae</span> <span class='ocrx_word' id='word_1_278' title='bbox 1007 3850 1157 3919; x_wconf 70' lang='lat' dir='ltr'>dislionis</span> <span class='ocrx_word' id='word_1_279' title='bbox 1206 3892 1210 3901; x_wconf 88' lang='lat'><strong>·</strong></span> 
     </span>
     <span class='ocr_line' id='line_1_34' title="bbox 125 3947 1156 4043; baseline 0.003 -29"><span class='ocrx_word' id='word_1_280' title='bbox 125 3948 314 4015; x_wconf 83' lang='lat' dir='ltr'>brevitatem</span> <span class='ocrx_word' id='word_1_281' title='bbox 328 3948 428 4015; x_wconf 88' lang='lat' dir='ltr'>secuti</span> <span class='ocrx_word' id='word_1_282' title='bbox 452 3947 542 4012; x_wconf 79' lang='lat' dir='ltr'>suutr</span> <span class='ocrx_word' id='word_1_283' title='bbox 566 3959 716 4033; x_wconf 83' lang='lat' dir='ltr'>poterant</span> <span class='ocrx_word' id='word_1_284' title='bbox 736 3947 881 4015; x_wconf 84' lang='lat' dir='ltr'>disertius</span> <span class='ocrx_word' id='word_1_285' title='bbox 902 3949 1034 4017; x_wconf 72' lang='lat' dir='ltr'>reddere</span> <span class='ocrx_word' id='word_1_286' title='bbox 1055 3953 1156 4043; x_wconf 53' lang='grc' dir='ltr'>ἄψ.</span> 
     </span>
     <span class='ocr_line' id='line_1_35' title="bbox 125 4042 1158 4142; baseline 0.002 -26"><span class='ocrx_word' id='word_1_287' title='bbox 125 4074 197 4116; x_wconf 79' lang='lat' dir='ltr'>vere</span> <span class='ocrx_word' id='word_1_288' title='bbox 210 4051 298 4137; x_wconf 76' lang='lat' dir='ltr'>ipssus</span> <span class='ocrx_word' id='word_1_289' title='bbox 311 4050 391 4129; x_wconf 69' lang='lat' dir='ltr'>vim,</span> <span class='ocrx_word' id='word_1_290' title='bbox 401 4062 439 4114; x_wconf 93' lang='lat' dir='ltr'>ut</span> <span class='ocrx_word' id='word_1_291' title='bbox 452 4049 530 4114; x_wconf 85' lang='lat' dir='ltr'>fecit</span> <span class='ocrx_word' id='word_1_292' title='bbox 542 4050 722 4137; x_wconf 77' lang='lat' dir='ltr'>Amyotuss</span> <span class='ocrx_word' id='word_1_293' title='bbox 745 4050 852 4117; x_wconf 85' lang='lat' dir='ltr'>minus</span> <span class='ocrx_word' id='word_1_294' title='bbox 864 4050 960 4118; x_wconf 85' lang='lat' dir='ltr'>etism</span> <span class='ocrx_word' id='word_1_295' title='bbox 974 4068 1053 4133; x_wconf 82' lang='lat' dir='ltr'>erat,</span> <span class='ocrx_word' id='word_1_296' title='bbox 1069 4042 1158 4142; x_wconf 75' lang='lat' dir='ltr'>quod</span> 
     </span>
     <span class='ocr_line' id='line_1_36' title="bbox 125 4149 1155 4240; baseline 0.011 -26"><span class='ocrx_word' id='word_1_297' title='bbox 125 4149 213 4217; x_wconf 86' lang='lat' dir='ltr'>idern</span> <span class='ocrx_word' id='word_1_298' title='bbox 230 4150 284 4216; x_wconf 88' lang='lat' dir='ltr'>ille</span> <span class='ocrx_word' id='word_1_299' title='bbox 307 4149 451 4216; x_wconf 85' lang='lat' dir='ltr'>Krebfius</span> <span class='ocrx_word' id='word_1_300' title='bbox 465 4151 533 4239; x_wconf 85' lang='lat' dir='ltr'>post</span> <span class='ocrx_word' id='word_1_301' title='bbox 548 4150 657 4233; x_wconf 70' lang='grc' dir='ltr'><strong><em>δυνάμιν</em></strong></span> <span class='ocrx_word' id='word_1_302' title='bbox 670 4151 815 4217; x_wconf 83' lang='lat' dir='ltr'>excidisse</span> <span class='ocrx_word' id='word_1_303' title='bbox 836 4152 1044 4240; x_wconf 82' lang='lat' dir='ltr'>suspicsiretur</span> <span class='ocrx_word' id='word_1_304' title='bbox 1063 4162 1155 4226; x_wconf 63' lang='lat' dir='ltr'>dud·</span> 
     </span>
     <span class='ocr_line' id='line_1_37' title="bbox 126 4248 1157 4342; baseline 0.01 -26"><span class='ocrx_word' id='word_1_305' title='bbox 126 4276 220 4334; x_wconf 71' lang='grc' dir='ltr'>σιμον.</span> <span class='ocrx_word' id='word_1_306' title='bbox 265 4251 351 4317; x_wconf 75' lang='lat' dir='ltr'>Nam</span> <span class='ocrx_word' id='word_1_307' title='bbox 376 4248 645 4338; x_wconf 77' lang='lat' dir='ltr'>primoquidem,</span> <span class='ocrx_word' id='word_1_308' title='bbox 670 4251 785 4319; x_wconf 65' lang='lat' dir='ltr'>Gracc</span> <span class='ocrx_word' id='word_1_309' title='bbox 807 4250 896 4320; x_wconf 77' lang='lat' dir='ltr'>ratic</span> <span class='ocrx_word' id='word_1_310' title='bbox 912 4255 1089 4342; x_wconf 67' lang='lat' dir='ltr'>postulabat</span> <span class='ocrx_word' id='word_1_311' title='bbox 1108 4265 1157 4341; x_wconf 68' lang='lat' dir='ltr'>nli</span> 
     </span>
    </p>
   </div>
   <div class='ocr_carea' id='block_1_9' title="bbox 0 0 1350 4762">
    <p class='ocr_par' dir='ltr' id='par_1_12' title="bbox 0 0 1350 4762">
     <span class='ocr_line' id='line_1_38' title="bbox 0 0 1350 4762; baseline 0 0"><span class='ocrx_word' id='word_1_312' title='bbox 0 0 1350 4762; x_wconf 95' lang='lat' dir='ltr'> </span> 
     </span>
    </p>
   </div>
  </div>
 </body>
</html>
