<?xml version="1.0" encoding="UTF-8"?>
<!DOCTYPE html PUBLIC "-//W3C//DTD XHTML 1.0 Transitional//EN"
    "http://www.w3.org/TR/xhtml1/DTD/xhtml1-transitional.dtd">
<html xmlns="http://www.w3.org/1999/xhtml" xml:lang="en" lang="en">
 <head>
  <title>
</title>
<meta http-equiv="Content-Type" content="text/html;charset=utf-8" />
  <meta name='ocr-system' content='tesseract 3.04.00' />
  <meta name='ocr-capabilities' content='ocr_page ocr_carea ocr_par ocr_line ocrx_word'/>
</head>
<body>
  <div class='ocr_page' id='page_1' title='image "./plutarchichaero15plutgoog_0403.png"; bbox 0 0 2684 4762; ppageno 0'>
   <div class='ocr_carea' id='block_1_1' title="bbox 210 342 1191 421">
    <p class='ocr_par' dir='ltr' id='par_1_1' title="bbox 210 342 1191 421">
     <span class='ocr_line' id='line_1_1' title="bbox 210 342 1191 421; baseline -0.003 -17"><span class='ocrx_word' id='word_1_1' title='bbox 210 342 265 404; x_wconf 88' lang='lat' dir='ltr'><strong>DE</strong></span> <span class='ocrx_word' id='word_1_2' title='bbox 280 346 413 405; x_wconf 82' lang='lat' dir='ltr'><strong>RECTA</strong></span> <span class='ocrx_word' id='word_1_3' title='bbox 425 346 630 406; x_wconf 86' lang='lat' dir='ltr'><strong>AUDIENDI</strong></span> <span class='ocrx_word' id='word_1_4' title='bbox 646 346 837 405; x_wconf 81' lang='lat' dir='ltr'>RATIONE.</span> <span class='ocrx_word' id='word_1_5' title='bbox 851 344 1100 421; x_wconf 45' lang='lat' dir='ltr'><strong>ptus-»wa</strong></span> <span class='ocrx_word' id='word_1_6' title='bbox 1130 351 1191 417; x_wconf 68' lang='lat'><strong>392</strong></span> 
     </span>
    </p>
   </div>
   <div class='ocr_carea' id='block_1_2' title="bbox 143 503 1325 4342">
    <p class='ocr_par' dir='ltr' id='par_1_2' title="bbox 156 503 1193 1002">
     <span class='ocr_line' id='line_1_2' title="bbox 157 503 1193 594; baseline 0 -27"><span class='ocrx_word' id='word_1_7' title='bbox 157 505 310 590; x_wconf 85' lang='lat' dir='ltr'><strong>Epicur0‚</strong></span> <span class='ocrx_word' id='word_1_8' title='bbox 326 528 425 594; x_wconf 90' lang='lat' dir='ltr'><strong>quum</strong></span> <span class='ocrx_word' id='word_1_9' title='bbox 440 509 611 574; x_wconf 87' lang='lat' dir='ltr'><strong>dicendum</strong></span> <span class='ocrx_word' id='word_1_10' title='bbox 627 508 731 574; x_wconf 82' lang='lat' dir='ltr'><strong>fuiss‘et</strong></span> <span class='ocrx_word' id='word_1_11' title='bbox 748 507 851 594; x_wconf 68' lang='grc' dir='ltr'><strong>κράτεος</strong></span> <span class='ocrx_word' id='word_1_12' title='bbox 861 507 908 570; x_wconf 74' lang='grc' dir='ltr'><strong>καὶ</strong></span> <span class='ocrx_word' id='word_1_13' title='bbox 921 503 1050 591; x_wconf 60' lang='lat' dir='ltr'><strong>sopita,</strong></span> <span class='ocrx_word' id='word_1_14' title='bbox 1071 505 1193 591; x_wconf 74' lang='lat' dir='ltr'><strong>plausus</strong></span> 
     </span>
     <span class='ocr_line' id='line_1_3' title="bbox 156 607 1190 696; baseline 0.004 -28"><span class='ocrx_word' id='word_1_15' title='bbox 156 619 186 669; x_wconf 80' lang='lat' dir='ltr'><strong>et</strong></span> <span class='ocrx_word' id='word_1_16' title='bbox 201 609 356 674; x_wconf 78' lang='lat' dir='ltr'><strong>tunrultus.</strong></span> <span class='ocrx_word' id='word_1_17' title='bbox 391 611 513 675; x_wconf 87' lang='lat' dir='ltr'><strong>Eodem</strong></span> <span class='ocrx_word' id='word_1_18' title='bbox 529 611 648 696; x_wconf 73' lang='lat' dir='ltr'><strong>spcttat</strong></span> <span class='ocrx_word' id='word_1_19' title='bbox 664 609 851 675; x_wconf 81' lang='lat' dir='ltr'><strong>Plutarchus</strong></span> <span class='ocrx_word' id='word_1_20' title='bbox 864 607 948 672; x_wconf 86' lang='lat' dir='ltr'><strong>Adv.</strong></span> <span class='ocrx_word' id='word_1_21' title='bbox 965 607 1141 693; x_wconf 85' lang='lat' dir='ltr'><strong>Epicurum</strong></span> <span class='ocrx_word' id='word_1_22' title='bbox 1156 627 1190 691; x_wconf 90' lang='lat' dir='ltr'><strong>p.</strong></span> 
     </span>
     <span class='ocr_line' id='line_1_4' title="bbox 160 708 1190 797; baseline 0.001 -25"><span class='ocrx_word' id='word_1_23' title='bbox 160 727 219 794; x_wconf 89' lang='lat'><strong>109</strong></span> <span class='ocrx_word' id='word_1_24' title='bbox 221 725 254 793; x_wconf 82' lang='lat'><strong>5.</strong></span> <span class='ocrx_word' id='word_1_25' title='bbox 269 712 313 775; x_wconf 93' lang='lat' dir='ltr'><strong>D.</strong></span> <span class='ocrx_word' id='word_1_26' title='bbox 330 725 363 775; x_wconf 93' lang='lat' dir='ltr'><strong>et</strong></span> <span class='ocrx_word' id='word_1_27' title='bbox 376 712 459 775; x_wconf 85' lang='lat' dir='ltr'><strong>Adv.</strong></span> <span class='ocrx_word' id='word_1_28' title='bbox 476 712 625 776; x_wconf 88' lang='lat' dir='ltr'><strong>Colotem</strong></span> <span class='ocrx_word' id='word_1_29' title='bbox 640 733 674 797; x_wconf 89' lang='lat' dir='ltr'><strong>p.</strong></span> <span class='ocrx_word' id='word_1_30' title='bbox 690 727 782 794; x_wconf 84' lang='lat'><strong>1117.</strong></span> <span class='ocrx_word' id='word_1_31' title='bbox 795 712 839 774; x_wconf 88' lang='lat' dir='ltr'><strong>A.</strong></span> <span class='ocrx_word' id='word_1_32' title='bbox 871 709 945 774; x_wconf 87' lang='lat' dir='ltr'><strong>Alia</strong></span> <span class='ocrx_word' id='word_1_33' title='bbox 958 709 1054 772; x_wconf 90' lang='lat' dir='ltr'><strong>etiam</strong></span> <span class='ocrx_word' id='word_1_34' title='bbox 1070 708 1190 773; x_wconf 85' lang='lat' dir='ltr'><strong>attule-</strong></span> 
     </span>
     <span class='ocr_line' id='line_1_5' title="bbox 157 807 1191 895; baseline 0 -23"><span class='ocrx_word' id='word_1_35' title='bbox 157 825 234 874; x_wconf 88' lang='lat' dir='ltr'><strong>runt</strong></span> <span class='ocrx_word' id='word_1_36' title='bbox 247 810 287 874; x_wconf 86' lang='lat' dir='ltr'><strong>ad</strong></span> <span class='ocrx_word' id='word_1_37' title='bbox 303 813 421 876; x_wconf 84' lang='lat' dir='ltr'><strong>Laertii</strong></span> <span class='ocrx_word' id='word_1_38' title='bbox 438 813 546 877; x_wconf 93' lang='lat' dir='ltr'><strong>locum</strong></span> <span class='ocrx_word' id='word_1_39' title='bbox 564 812 770 876; x_wconf 87' lang='lat' dir='ltr'><strong>Casaubonus</strong></span> <span class='ocrx_word' id='word_1_40' title='bbox 783 826 816 875; x_wconf 89' lang='lat' dir='ltr'><strong>et</strong></span> <span class='ocrx_word' id='word_1_41' title='bbox 830 808 1025 895; x_wconf 85' lang='lat' dir='ltr'><strong>Menagins:</strong></span> <span class='ocrx_word' id='word_1_42' title='bbox 1049 807 1102 873; x_wconf 91' lang='lat' dir='ltr'><strong>hic</strong></span> <span class='ocrx_word' id='word_1_43' title='bbox 1117 810 1191 895; x_wconf 87' lang='lat' dir='ltr'><strong>qui·</strong></span> 
     </span>
     <span class='ocr_line' id='line_1_6' title="bbox 156 913 790 1002; baseline -0.003 -25"><span class='ocrx_word' id='word_1_44' title='bbox 156 913 231 978; x_wconf 89' lang='lat' dir='ltr'><strong>dem</strong></span> <span class='ocrx_word' id='word_1_45' title='bbox 245 936 411 1001; x_wconf 84' lang='lat' dir='ltr'><strong>perperam</strong></span> <span class='ocrx_word' id='word_1_46' title='bbox 424 915 587 1002; x_wconf 84' lang='lat' dir='ltr'><strong>corrigens</strong></span> <span class='ocrx_word' id='word_1_47' title='bbox 601 940 644 977; x_wconf 84' lang='grc' dir='ltr'><strong>σοι</strong></span> <span class='ocrx_word' id='word_1_48' title='bbox 659 919 716 1000; x_wconf 91' lang='lat' dir='ltr'><strong>pro</strong></span> <span class='ocrx_word' id='word_1_49' title='bbox 730 939 790 976; x_wconf 84' lang='grc' dir='ltr'><strong><em>σου.</em></strong></span> 
     </span>
    </p>

    <p class='ocr_par' dir='ltr' id='par_1_3' title="bbox 157 1009 1192 1200">
     <span class='ocr_line' id='line_1_7' title="bbox 198 1009 1192 1102; baseline -0.006 -23"><span class='ocrx_word' id='word_1_50' title='bbox 198 1034 252 1099; x_wconf 83' lang='lat'><strong>45.</strong></span> <span class='ocrx_word' id='word_1_51' title='bbox 269 1019 303 1079; x_wconf 90' lang='lat' dir='ltr'><strong>F.</strong></span> <span class='ocrx_word' id='word_1_52' title='bbox 330 1015 431 1094; x_wconf 63' lang='grc' dir='ltr'><strong><em>Θείους,</em></strong></span> <span class='ocrx_word' id='word_1_53' title='bbox 456 1013 874 1102; x_wconf 61' lang='grc' dir='ltr'><strong>Θεοφοςῆτοος-Ἀνθηςῶς-]</strong></span> <span class='ocrx_word' id='word_1_54' title='bbox 906 1010 1055 1076; x_wconf 80' lang='lat' dir='ltr'><strong>Diximus</strong></span> <span class='ocrx_word' id='word_1_55' title='bbox 1076 1009 1118 1074; x_wconf 83' lang='lat' dir='ltr'><strong>de</strong></span> <span class='ocrx_word' id='word_1_56' title='bbox 1140 1009 1192 1074; x_wconf 86' lang='lat' dir='ltr'><strong>his</strong></span> 
     </span>
     <span class='ocr_line' id='line_1_8' title="bbox 157 1115 934 1200; baseline -0.005 -21"><span class='ocrx_word' id='word_1_57' title='bbox 157 1115 441 1180; x_wconf 80' lang='lat' dir='ltr'><strong>acclamationibus</strong></span> <span class='ocrx_word' id='word_1_58' title='bbox 454 1115 494 1179; x_wconf 91' lang='lat' dir='ltr'><strong>ad</strong></span> <span class='ocrx_word' id='word_1_59' title='bbox 510 1137 542 1200; x_wconf 91' lang='lat' dir='ltr'><strong>p.</strong></span> <span class='ocrx_word' id='word_1_60' title='bbox 559 1117 610 1181; x_wconf 84' lang='lat'><strong>26.</strong></span> <span class='ocrx_word' id='word_1_61' title='bbox 627 1115 665 1178; x_wconf 90' lang='lat' dir='ltr'><strong>B.</strong></span> <span class='ocrx_word' id='word_1_62' title='bbox 681 1115 776 1178; x_wconf 88' lang='lat' dir='ltr'><strong>verbo</strong></span> <span class='ocrx_word' id='word_1_63' title='bbox 790 1118 934 1196; x_wconf 71' lang='grc' dir='ltr'><strong><em>ἐπιφωνεῖν.</em></strong></span> 
     </span>
    </p>

    <p class='ocr_par' dir='ltr' id='par_1_4' title="bbox 144 1211 1325 3932">
     <span class='ocr_line' id='line_1_9' title="bbox 198 1211 1191 1302; baseline 0 -24"><span class='ocrx_word' id='word_1_64' title='bbox 198 1232 252 1298; x_wconf 89' lang='lat'><strong>45.</strong></span> <span class='ocrx_word' id='word_1_65' title='bbox 268 1218 303 1279; x_wconf 89' lang='lat' dir='ltr'><strong>F.</strong></span> <span class='ocrx_word' id='word_1_66' title='bbox 328 1214 481 1302; x_wconf 75' lang='grc' dir='ltr'>Ὑπερίδην]</span> <span class='ocrx_word' id='word_1_67' title='bbox 518 1215 583 1279; x_wconf 91' lang='lat' dir='ltr'><strong>Hic</strong></span> <span class='ocrx_word' id='word_1_68' title='bbox 610 1213 753 1300; x_wconf 82' lang='lat' dir='ltr'><strong>quamvis</strong></span> <span class='ocrx_word' id='word_1_69' title='bbox 774 1233 912 1299; x_wconf 87' lang='lat' dir='ltr'><strong>magnus</strong></span> <span class='ocrx_word' id='word_1_70' title='bbox 933 1211 996 1275; x_wconf 89' lang='lat' dir='ltr'><strong>suit</strong></span> <span class='ocrx_word' id='word_1_71' title='bbox 1022 1223 1130 1277; x_wconf 88' lang='lat' dir='ltr'><strong>orator</strong></span> <span class='ocrx_word' id='word_1_72' title='bbox 1151 1233 1191 1278; x_wconf 80' lang='lat' dir='ltr'><strong>ac</strong></span> 
     </span>
     <span class='ocr_line' id='line_1_10' title="bbox 155 1312 1189 1403; baseline -0.003 -22"><span class='ocrx_word' id='word_1_73' title='bbox 155 1318 260 1381; x_wconf 90' lang='lat' dir='ltr'><strong>bonus</strong></span> <span class='ocrx_word' id='word_1_74' title='bbox 278 1317 364 1396; x_wconf 81' lang='lat' dir='ltr'><strong>civis,</strong></span> <span class='ocrx_word' id='word_1_75' title='bbox 389 1338 566 1403; x_wconf 80' lang='lat' dir='ltr'><strong>numquam</strong></span> <span class='ocrx_word' id='word_1_76' title='bbox 585 1315 727 1403; x_wconf 77' lang='lat' dir='ltr'><strong>profesto</strong></span> <span class='ocrx_word' id='word_1_77' title='bbox 747 1315 859 1380; x_wconf 68' lang='lat' dir='ltr'><strong>nasius</strong></span> <span class='ocrx_word' id='word_1_78' title='bbox 878 1315 921 1380; x_wconf 90' lang='lat' dir='ltr'><strong>est</strong></span> <span class='ocrx_word' id='word_1_79' title='bbox 940 1335 1012 1378; x_wconf 87' lang='lat' dir='ltr'><strong>earn</strong></span> <span class='ocrx_word' id='word_1_80' title='bbox 1033 1312 1189 1379; x_wconf 62' lang='lat' dir='ltr'><strong>existima.</strong></span> 
     </span>
     <span class='ocr_line' id='line_1_11' title="bbox 156 1415 1190 1503; baseline -0.003 -21"><span class='ocrx_word' id='word_1_81' title='bbox 156 1419 291 1497; x_wconf 90' lang='lat' dir='ltr'><strong>tionem,</strong></span> <span class='ocrx_word' id='word_1_82' title='bbox 309 1432 347 1482; x_wconf 94' lang='lat' dir='ltr'><strong>ut</strong></span> <span class='ocrx_word' id='word_1_83' title='bbox 368 1418 401 1482; x_wconf 89' lang='lat' dir='ltr'><strong>in</strong></span> <span class='ocrx_word' id='word_1_84' title='bbox 421 1417 604 1503; x_wconf 86' lang='lat' dir='ltr'><strong>exemplum</strong></span> <span class='ocrx_word' id='word_1_85' title='bbox 620 1416 744 1481; x_wconf 88' lang='lat' dir='ltr'><strong>virtutis</strong></span> <span class='ocrx_word' id='word_1_86' title='bbox 766 1416 991 1502; x_wconf 77' lang='lat' dir='ltr'><strong>sapientiaque</strong></span> <span class='ocrx_word' id='word_1_87' title='bbox 1013 1415 1190 1479; x_wconf 84' lang='lat' dir='ltr'><strong>celebrare·</strong></span> 
     </span>
     <span class='ocr_line' id='line_1_12' title="bbox 154 1515 1191 1604; baseline -0.001 -24"><span class='ocrx_word' id='word_1_88' title='bbox 154 1530 226 1581; x_wconf 89' lang='lat' dir='ltr'><strong>tur:</strong></span> <span class='ocrx_word' id='word_1_89' title='bbox 264 1539 361 1604; x_wconf 87' lang='lat' dir='ltr'><strong>quam</strong></span> <span class='ocrx_word' id='word_1_90' title='bbox 391 1517 522 1604; x_wconf 90' lang='lat' dir='ltr'><strong>quidem</strong></span> <span class='ocrx_word' id='word_1_91' title='bbox 550 1517 808 1583; x_wconf 83' lang='lat' dir='ltr'><strong>existimationem</strong></span> <span class='ocrx_word' id='word_1_92' title='bbox 838 1518 997 1595; x_wconf 79' lang='lat' dir='ltr'><strong>Socrates,</strong></span> <span class='ocrx_word' id='word_1_93' title='bbox 1027 1515 1129 1594; x_wconf 90' lang='lat' dir='ltr'><strong>Plato,</strong></span> <span class='ocrx_word' id='word_1_94' title='bbox 1157 1528 1191 1603; x_wconf 79' lang='lat' dir='ltr'><strong>et</strong></span> 
     </span>
     <span class='ocr_line' id='line_1_13' title="bbox 157 1617 1191 1704; baseline 0.003 -21"><span class='ocrx_word' id='word_1_95' title='bbox 157 1619 318 1683; x_wconf 85' lang='lat' dir='ltr'><strong>Plutarchi</strong></span> <span class='ocrx_word' id='word_1_96' title='bbox 338 1632 424 1685; x_wconf 93' lang='lat' dir='ltr'><strong>certe</strong></span> <span class='ocrx_word' id='word_1_97' title='bbox 443 1618 533 1682; x_wconf 90' lang='lat' dir='ltr'><strong>sensu</strong></span> <span class='ocrx_word' id='word_1_98' title='bbox 545 1617 734 1704; x_wconf 89' lang='lat' dir='ltr'><strong>judicioque</strong></span> <span class='ocrx_word' id='word_1_99' title='bbox 753 1617 921 1704; x_wconf 83' lang='lat' dir='ltr'><strong>Euripides</strong></span> <span class='ocrx_word' id='word_1_100' title='bbox 942 1617 1051 1696; x_wconf 86' lang='lat' dir='ltr'><strong>etiam,</strong></span> <span class='ocrx_word' id='word_1_101' title='bbox 1065 1617 1191 1686; x_wconf 75' lang='lat' dir='ltr'><strong>habuit.</strong></span> 
     </span>
     <span class='ocr_line' id='line_1_14' title="bbox 156 1719 1191 1805; baseline 0.001 -22"><span class='ocrx_word' id='word_1_102' title='bbox 156 1721 199 1784; x_wconf 86' lang='lat' dir='ltr'><strong>Et</strong></span> <span class='ocrx_word' id='word_1_103' title='bbox 215 1744 288 1785; x_wconf 83' lang='lat' dir='ltr'><strong>vcro</strong></span> <span class='ocrx_word' id='word_1_104' title='bbox 304 1722 373 1785; x_wconf 86' lang='lat' dir='ltr'><strong>haec</strong></span> <span class='ocrx_word' id='word_1_105' title='bbox 394 1720 524 1784; x_wconf 87' lang='lat' dir='ltr'><strong>nomina</strong></span> <span class='ocrx_word' id='word_1_106' title='bbox 539 1719 671 1783; x_wconf 80' lang='lat' dir='ltr'><strong>subinde</strong></span> <span class='ocrx_word' id='word_1_107' title='bbox 689 1743 708 1783; x_wconf 87' lang='lat' dir='ltr'><strong>a</strong></span> <span class='ocrx_word' id='word_1_108' title='bbox 723 1719 857 1784; x_wconf 83' lang='lat' dir='ltr'><strong>librariis</strong></span> <span class='ocrx_word' id='word_1_109' title='bbox 872 1734 1053 1805; x_wconf 89' lang='lat' dir='ltr'><strong>permutata</strong></span> <span class='ocrx_word' id='word_1_110' title='bbox 1070 1719 1191 1805; x_wconf 86' lang='lat' dir='ltr'><strong>reperi·</strong></span> 
     </span>
     <span class='ocr_line' id='line_1_15' title="bbox 144 1822 1191 1909; baseline 0.003 -27"><span class='ocrx_word' id='word_1_111' title='bbox 144 1836 276 1886; x_wconf 67' lang='lat' dir='ltr'><strong>untur:</strong></span> <span class='ocrx_word' id='word_1_112' title='bbox 307 1823 396 1908; x_wconf 92' lang='lat' dir='ltr'><strong>quod</strong></span> <span class='ocrx_word' id='word_1_113' title='bbox 418 1823 610 1909; x_wconf 83' lang='lat' dir='ltr'><strong>cognoscere</strong></span> <span class='ocrx_word' id='word_1_114' title='bbox 632 1823 708 1887; x_wconf 89' lang='lat' dir='ltr'><strong>licet</strong></span> <span class='ocrx_word' id='word_1_115' title='bbox 728 1844 768 1887; x_wconf 87' lang='lat' dir='ltr'><strong>ex</strong></span> <span class='ocrx_word' id='word_1_116' title='bbox 789 1823 1053 1887; x_wconf 80' lang='lat' dir='ltr'><strong>animadversione</strong></span> <span class='ocrx_word' id='word_1_117' title='bbox 1076 1822 1191 1887; x_wconf 88' lang='lat' dir='ltr'><strong>Ruhn-</strong></span> 
     </span>
     <span class='ocr_line' id='line_1_16' title="bbox 154 1922 1191 2009; baseline 0.004 -24"><span class='ocrx_word' id='word_1_118' title='bbox 154 1922 245 1986; x_wconf 83' lang='lat' dir='ltr'><strong>kcnii</strong></span> <span class='ocrx_word' id='word_1_119' title='bbox 273 1924 306 1987; x_wconf 90' lang='lat' dir='ltr'><strong>in</strong></span> <span class='ocrx_word' id='word_1_120' title='bbox 335 1925 471 1989; x_wconf 87' lang='lat' dir='ltr'><strong>Historia</strong></span> <span class='ocrx_word' id='word_1_121' title='bbox 500 1923 621 1988; x_wconf 90' lang='lat' dir='ltr'><strong>Critica</strong></span> <span class='ocrx_word' id='word_1_122' title='bbox 648 1925 823 1989; x_wconf 90' lang='lat' dir='ltr'><strong>Oratorum</strong></span> <span class='ocrx_word' id='word_1_123' title='bbox 856 1927 1043 1989; x_wconf 85' lang='lat' dir='ltr'><strong>Graecorum</strong></span> <span class='ocrx_word' id='word_1_124' title='bbox 1077 1946 1111 2009; x_wconf 92' lang='lat' dir='ltr'><strong>p.</strong></span> <span class='ocrx_word' id='word_1_125' title='bbox 1135 1940 1191 2006; x_wconf 85' lang='lat'><strong>71.</strong></span> 
     </span>
     <span class='ocr_line' id='line_1_17' title="bbox 155 2022 1191 2109; baseline -0.001 -20"><span class='ocrx_word' id='word_1_126' title='bbox 155 2022 392 2109; x_wconf 85' lang='lat' dir='ltr'><strong>Harpocration</strong></span> <span class='ocrx_word' id='word_1_127' title='bbox 407 2045 484 2086; x_wconf 87' lang='lat' dir='ltr'><strong>voce</strong></span> <span class='ocrx_word' id='word_1_128' title='bbox 501 2023 614 2102; x_wconf 65' lang='grc' dir='ltr'><strong><em>Θὲὣαν,</em></strong></span> <span class='ocrx_word' id='word_1_129' title='bbox 637 2044 708 2087; x_wconf 89' lang='lat' dir='ltr'><strong>eam</strong></span> <span class='ocrx_word' id='word_1_130' title='bbox 731 2023 958 2108; x_wconf 89' lang='lat' dir='ltr'><strong>interpretatur</strong></span> <span class='ocrx_word' id='word_1_131' title='bbox 971 2023 1093 2088; x_wconf 86' lang='lat' dir='ltr'><strong>addens</strong></span> <span class='ocrx_word' id='word_1_132' title='bbox 1106 2024 1191 2088; x_wconf 79' lang='lat' dir='ltr'><strong>lianc</strong></span> 
     </span>
     <span class='ocr_line' id='line_1_18' title="bbox 155 2123 1191 2211; baseline 0 -20"><span class='ocrx_word' id='word_1_133' title='bbox 155 2123 330 2211; x_wconf 80' lang='lat' dir='ltr'><strong>Hyperidis</strong></span> <span class='ocrx_word' id='word_1_134' title='bbox 348 2123 584 2202; x_wconf 53' lang='lat' dir='ltr'><strong>auctioritateQ</strong></span> <span class='ocrx_word' id='word_1_135' title='bbox 598 2125 737 2210; x_wconf 72' lang='grc' dir='ltr'><strong>’Ὑπερίδης</strong></span> <span class='ocrx_word' id='word_1_136' title='bbox 752 2129 777 2188; x_wconf 76' lang='grc' dir='ltr'><strong>ἐν</strong></span> <span class='ocrx_word' id='word_1_137' title='bbox 790 2130 830 2210; x_wconf 80' lang='grc' dir='ltr'><strong>τῷ</strong></span> <span class='ocrx_word' id='word_1_138' title='bbox 843 2127 916 2211; x_wconf 76' lang='grc' dir='ltr'><strong><em>σορὸς</em></strong></span> <span class='ocrx_word' id='word_1_139' title='bbox 929 2125 1117 2210; x_wconf 76' lang='grc' dir='ltr'><strong><em>Ὗγνοιίνοντα.</em></strong></span> <span class='ocrx_word' id='word_1_140' title='bbox 1152 2127 1191 2192; x_wconf 83' lang='lat' dir='ltr'><strong>In</strong></span> 
     </span>
     <span class='ocr_line' id='line_1_19' title="bbox 155 2224 1192 2312; baseline -0.005 -19"><span class='ocrx_word' id='word_1_141' title='bbox 155 2225 332 2293; x_wconf 76' lang='lat' dir='ltr'><strong>Aristotelis</strong></span> <span class='ocrx_word' id='word_1_142' title='bbox 354 2224 518 2290; x_wconf 83' lang='lat' dir='ltr'><strong>eretoric.</strong></span> <span class='ocrx_word' id='word_1_143' title='bbox 542 2225 604 2289; x_wconf 87' lang='lat' dir='ltr'><strong>Ill.</strong></span> <span class='ocrx_word' id='word_1_144' title='bbox 623 2244 681 2310; x_wconf 85' lang='lat'><strong>15:</strong></span> <span class='ocrx_word' id='word_1_145' title='bbox 704 2224 794 2312; x_wconf 74' lang='grc' dir='ltr'>ὥσπερ</span> <span class='ocrx_word' id='word_1_146' title='bbox 817 2225 960 2311; x_wconf 72' lang='grc' dir='ltr'><strong><em>Εὐριπίδης</em></strong></span> <span class='ocrx_word' id='word_1_147' title='bbox 981 2228 1053 2310; x_wconf 66' lang='grc' dir='ltr'><strong>πρὸς</strong></span> <span class='ocrx_word' id='word_1_148' title='bbox 1074 2224 1192 2311; x_wconf 68' lang='lat' dir='ltr'><strong>&#39;‘syras‘-</strong></span> 
     </span>
     <span class='ocr_line' id='line_1_20' title="bbox 156 2328 1191 2414; baseline 0 -21"><span class='ocrx_word' id='word_1_149' title='bbox 156 2356 235 2393; x_wconf 83' lang='grc' dir='ltr'><strong><em>νοντα</em></strong></span> <span class='ocrx_word' id='word_1_150' title='bbox 255 2334 282 2392; x_wconf 78' lang='grc' dir='ltr'><strong>ἐν</strong></span> <span class='ocrx_word' id='word_1_151' title='bbox 302 2333 335 2414; x_wconf 73' lang='grc' dir='ltr'><strong>τῇ</strong></span> <span class='ocrx_word' id='word_1_152' title='bbox 357 2328 488 2392; x_wconf 75' lang='grc' dir='ltr'><strong>ἀποδόσει</strong></span> <span class='ocrx_word' id='word_1_153' title='bbox 511 2342 708 2394; x_wconf 86' lang='lat' dir='ltr'><strong>memoratur</strong></span> <span class='ocrx_word' id='word_1_154' title='bbox 721 2329 778 2408; x_wconf 86' lang='lat' dir='ltr'><strong>ita,</strong></span> <span class='ocrx_word' id='word_1_155' title='bbox 800 2342 838 2396; x_wconf 86' lang='lat' dir='ltr'><strong>ut</strong></span> <span class='ocrx_word' id='word_1_156' title='bbox 852 2329 977 2394; x_wconf 86' lang='lat' dir='ltr'><strong>nullum</strong></span> <span class='ocrx_word' id='word_1_157' title='bbox 992 2330 1028 2393; x_wconf 83' lang='lat' dir='ltr'><strong>stt</strong></span> <span class='ocrx_word' id='word_1_158' title='bbox 1043 2328 1191 2408; x_wconf 87' lang='lat' dir='ltr'><strong>dubium,</strong></span> 
     </span>
     <span class='ocr_line' id='line_1_21' title="bbox 156 2430 1194 2518; baseline 0.004 -26"><span class='ocrx_word' id='word_1_159' title='bbox 156 2431 233 2515; x_wconf 89' lang='lat' dir='ltr'><strong>quin</strong></span> <span class='ocrx_word' id='word_1_160' title='bbox 252 2430 411 2518; x_wconf 82' lang='lat' dir='ltr'><strong>Euripidis</strong></span> <span class='ocrx_word' id='word_1_161' title='bbox 431 2453 549 2496; x_wconf 83' lang='lat' dir='ltr'><strong>nomen</strong></span> <span class='ocrx_word' id='word_1_162' title='bbox 565 2454 674 2497; x_wconf 89' lang='lat' dir='ltr'><strong>verum</strong></span> <span class='ocrx_word' id='word_1_163' title='bbox 697 2445 731 2496; x_wconf 89' lang='lat' dir='ltr'><strong>et</strong></span> <span class='ocrx_word' id='word_1_164' title='bbox 751 2433 792 2496; x_wconf 90' lang='lat' dir='ltr'><strong>ab</strong></span> <span class='ocrx_word' id='word_1_165' title='bbox 815 2431 883 2518; x_wconf 88' lang='lat' dir='ltr'><strong>ipso</strong></span> <span class='ocrx_word' id='word_1_166' title='bbox 904 2431 1083 2511; x_wconf 86' lang='lat' dir='ltr'><strong>Aristotele,</strong></span> <span class='ocrx_word' id='word_1_167' title='bbox 1099 2453 1194 2497; x_wconf 88' lang='lat' dir='ltr'><strong>neca</strong></span> 
     </span>
     <span class='ocr_line' id='line_1_22' title="bbox 155 2532 1193 2620; baseline 0.004 -25"><span class='ocrx_word' id='word_1_168' title='bbox 155 2532 293 2612; x_wconf 87' lang='lat' dir='ltr'><strong>librario,</strong></span> <span class='ocrx_word' id='word_1_169' title='bbox 308 2532 364 2596; x_wconf 86' lang='lat' dir='ltr'><strong>fit:</strong></span> <span class='ocrx_word' id='word_1_170' title='bbox 388 2532 441 2597; x_wconf 90' lang='lat' dir='ltr'><strong>sed</strong></span> <span class='ocrx_word' id='word_1_171' title='bbox 462 2546 495 2597; x_wconf 88' lang='lat' dir='ltr'><strong>et</strong></span> <span class='ocrx_word' id='word_1_172' title='bbox 515 2532 603 2618; x_wconf 88' lang='lat' dir='ltr'><strong>apud</strong></span> <span class='ocrx_word' id='word_1_173' title='bbox 624 2533 913 2620; x_wconf 86' lang='lat' dir='ltr'><strong>Harpocrationem</strong></span> <span class='ocrx_word' id='word_1_174' title='bbox 937 2555 1046 2598; x_wconf 83' lang='lat' dir='ltr'><strong>verum</strong></span> <span class='ocrx_word' id='word_1_175' title='bbox 1068 2532 1193 2599; x_wconf 83' lang='lat' dir='ltr'><strong>videtur</strong></span> 
     </span>
     <span class='ocr_line' id='line_1_23' title="bbox 154 2633 1192 2720; baseline 0.005 -23"><span class='ocrx_word' id='word_1_176' title='bbox 154 2633 215 2697; x_wconf 87' lang='lat' dir='ltr'><strong>ess&#39;e</strong></span> <span class='ocrx_word' id='word_1_177' title='bbox 230 2633 393 2720; x_wconf 81' lang='lat' dir='ltr'><strong>Hyperidis</strong></span> <span class='ocrx_word' id='word_1_178' title='bbox 407 2656 538 2713; x_wconf 86' lang='lat' dir='ltr'><strong>nomen,</strong></span> <span class='ocrx_word' id='word_1_179' title='bbox 553 2634 707 2720; x_wconf 86' lang='lat' dir='ltr'><strong>liquidem</strong></span> <span class='ocrx_word' id='word_1_180' title='bbox 729 2635 782 2699; x_wconf 90' lang='lat' dir='ltr'><strong>ille</strong></span> <span class='ocrx_word' id='word_1_181' title='bbox 798 2656 862 2699; x_wconf 92' lang='lat' dir='ltr'><strong>non</strong></span> <span class='ocrx_word' id='word_1_182' title='bbox 878 2635 930 2699; x_wconf 81' lang='lat' dir='ltr'><strong>nis</strong></span> <span class='ocrx_word' id='word_1_183' title='bbox 946 2636 1120 2701; x_wconf 86' lang='lat' dir='ltr'><strong>Oratorum</strong></span> <span class='ocrx_word' id='word_1_184' title='bbox 1135 2657 1192 2702; x_wconf 88' lang='grc' dir='ltr'><strong>νο·</strong></span> 
     </span>
     <span class='ocr_line' id='line_1_24' title="bbox 155 2736 1192 2823; baseline 0 -22"><span class='ocrx_word' id='word_1_185' title='bbox 155 2736 271 2801; x_wconf 86' lang='lat' dir='ltr'><strong>cabula</strong></span> <span class='ocrx_word' id='word_1_186' title='bbox 283 2736 433 2821; x_wconf 84' lang='lat' dir='ltr'><strong>explicat.</strong></span> <span class='ocrx_word' id='word_1_187' title='bbox 464 2736 600 2801; x_wconf 78' lang='lat' dir='ltr'><strong>Fortasse</strong></span> <span class='ocrx_word' id='word_1_188' title='bbox 614 2736 681 2823; x_wconf 86' lang='lat' dir='ltr'><strong>post</strong></span> <span class='ocrx_word' id='word_1_189' title='bbox 695 2736 899 2802; x_wconf 86' lang='lat' dir='ltr'><strong>Aristotelem</strong></span> <span class='ocrx_word' id='word_1_190' title='bbox 913 2736 1044 2801; x_wconf 90' lang='lat' dir='ltr'><strong>demum</strong></span> <span class='ocrx_word' id='word_1_191' title='bbox 1056 2736 1109 2801; x_wconf 88' lang='lat' dir='ltr'><strong>illa</strong></span> <span class='ocrx_word' id='word_1_192' title='bbox 1123 2736 1192 2801; x_wconf 83' lang='lat' dir='ltr'><strong>Eu·</strong></span> 
     </span>
     <span class='ocr_line' id='line_1_25' title="bbox 153 2835 1325 2924; baseline 0.003 -26"><span class='ocrx_word' id='word_1_193' title='bbox 153 2837 261 2921; x_wconf 80' lang='lat' dir='ltr'><strong>ripidis</strong></span> <span class='ocrx_word' id='word_1_194' title='bbox 288 2837 390 2901; x_wconf 89' lang='lat' dir='ltr'><strong>oratio</strong></span> <span class='ocrx_word' id='word_1_195' title='bbox 415 2837 448 2900; x_wconf 92' lang='lat' dir='ltr'><strong>in</strong></span> <span class='ocrx_word' id='word_1_196' title='bbox 475 2836 638 2923; x_wconf 79' lang='lat' dir='ltr'><strong>Hyperidis</strong></span> <span class='ocrx_word' id='word_1_197' title='bbox 660 2859 777 2901; x_wconf 85' lang='lat' dir='ltr'><strong>nomeu</strong></span> <span class='ocrx_word' id='word_1_198' title='bbox 806 2837 953 2901; x_wconf 89' lang='lat' dir='ltr'><strong>transsata</strong></span> <span class='ocrx_word' id='word_1_199' title='bbox 973 2837 1005 2901; x_wconf 90' lang='lat' dir='ltr'><strong>in</strong></span> <span class='ocrx_word' id='word_1_200' title='bbox 1034 2835 1193 2924; x_wconf 78' lang='lat' dir='ltr'><strong>hujusque</strong></span> <span class='ocrx_word' id='word_1_201' title='bbox 1319 2911 1325 2924; x_wconf 42' lang='grc'><strong>,</strong></span> 
     </span>
     <span class='ocr_line' id='line_1_26' title="bbox 156 2935 1192 3020; baseline 0.003 -21"><span class='ocrx_word' id='word_1_202' title='bbox 156 2935 352 2999; x_wconf 86' lang='lat' dir='ltr'><strong>orationibus</strong></span> <span class='ocrx_word' id='word_1_203' title='bbox 366 2938 407 3000; x_wconf 93' lang='lat' dir='ltr'><strong>ab</strong></span> <span class='ocrx_word' id='word_1_204' title='bbox 423 2937 678 3020; x_wconf 86' lang='lat' dir='ltr'><strong>Harpocratione</strong></span> <span class='ocrx_word' id='word_1_205' title='bbox 694 2951 729 3000; x_wconf 91' lang='lat' dir='ltr'><strong>et</strong></span> <span class='ocrx_word' id='word_1_206' title='bbox 742 2937 823 3001; x_wconf 69' lang='lat' dir='ltr'><strong>lesia</strong></span> <span class='ocrx_word' id='word_1_207' title='bbox 836 2951 871 3001; x_wconf 92' lang='lat' dir='ltr'><strong>et</strong></span> <span class='ocrx_word' id='word_1_208' title='bbox 884 2936 993 3003; x_wconf 87' lang='lat' dir='ltr'><strong>habita</strong></span> <span class='ocrx_word' id='word_1_209' title='bbox 1007 2938 1061 3001; x_wconf 87' lang='lat' dir='ltr'><strong>est.</strong></span> <span class='ocrx_word' id='word_1_210' title='bbox 1092 2941 1192 3018; x_wconf 83' lang='lat' dir='ltr'><strong>Nam,</strong></span> 
     </span>
     <span class='ocr_line' id='line_1_27' title="bbox 156 3032 1191 3126; baseline 0.002 -26"><span class='ocrx_word' id='word_1_211' title='bbox 156 3036 243 3122; x_wconf 91' lang='lat' dir='ltr'><strong>quod</strong></span> <span class='ocrx_word' id='word_1_212' title='bbox 268 3038 313 3100; x_wconf 86' lang='lat' dir='ltr'><strong>H.</strong></span> <span class='ocrx_word' id='word_1_213' title='bbox 330 3037 470 3101; x_wconf 83' lang='lat' dir='ltr'><strong>Valefius</strong></span> <span class='ocrx_word' id='word_1_214' title='bbox 491 3035 594 3115; x_wconf 88' lang='lat' dir='ltr'><strong>addit,</strong></span> <span class='ocrx_word' id='word_1_215' title='bbox 619 3036 652 3100; x_wconf 89' lang='lat' dir='ltr'><strong>in</strong></span> <span class='ocrx_word' id='word_1_216' title='bbox 677 3032 774 3102; x_wconf 87' lang='lat' dir='ltr'><strong>Notis</strong></span> <span class='ocrx_word' id='word_1_217' title='bbox 788 3038 830 3101; x_wconf 87' lang='lat' dir='ltr'><strong>ad</strong></span> <span class='ocrx_word' id='word_1_218' title='bbox 853 3039 958 3103; x_wconf 91' lang='lat' dir='ltr'><strong>Notas</strong></span> <span class='ocrx_word' id='word_1_219' title='bbox 980 3038 1135 3102; x_wconf 81' lang='lat' dir='ltr'><strong>Maussaci</strong></span> <span class='ocrx_word' id='word_1_220' title='bbox 1156 3061 1191 3126; x_wconf 82' lang='lat' dir='ltr'><strong>p.</strong></span> 
     </span>
     <span class='ocr_line' id='line_1_28' title="bbox 157 3137 1193 3228; baseline 0.004 -26"><span class='ocrx_word' id='word_1_221' title='bbox 157 3140 241 3203; x_wconf 88' lang='lat'>116:</span> <span class='ocrx_word' id='word_1_222' title='bbox 275 3139 362 3202; x_wconf 77' lang='lat' dir='ltr'><strong>Forle</strong></span> <span class='ocrx_word' id='word_1_223' title='bbox 388 3137 554 3225; x_wconf 70' lang='lat' dir='ltr'><strong>Hyperides</strong></span> <span class='ocrx_word' id='word_1_224' title='bbox 576 3162 641 3202; x_wconf 81' lang='lat' dir='ltr'><strong>eam</strong></span> <span class='ocrx_word' id='word_1_225' title='bbox 667 3139 824 3202; x_wconf 80' lang='lat' dir='ltr'><strong>orationem</strong></span> <span class='ocrx_word' id='word_1_226' title='bbox 847 3139 991 3224; x_wconf 76' lang='lat' dir='ltr'><strong>Euripidi</strong></span> <span class='ocrx_word' id='word_1_227' title='bbox 1008 3140 1193 3228; x_wconf 77' lang='lat' dir='ltr'><strong>scripserat:</strong></span> 
     </span>
     <span class='ocr_line' id='line_1_29' title="bbox 156 3239 1192 3325; baseline 0.004 -21"><span class='ocrx_word' id='word_1_228' title='bbox 156 3240 349 3304; x_wconf 86' lang='lat' dir='ltr'><strong>solertiffima</strong></span> <span class='ocrx_word' id='word_1_229' title='bbox 364 3240 435 3304; x_wconf 84' lang='lat' dir='ltr'><strong>sane</strong></span> <span class='ocrx_word' id='word_1_230' title='bbox 451 3239 525 3303; x_wconf 82' lang='lat' dir='ltr'><strong>esset</strong></span> <span class='ocrx_word' id='word_1_231' title='bbox 544 3241 624 3304; x_wconf 85' lang='lat' dir='ltr'><strong>ratio</strong></span> <span class='ocrx_word' id='word_1_232' title='bbox 646 3240 852 3325; x_wconf 73' lang='lat' dir='ltr'><strong>expediendae</strong></span> <span class='ocrx_word' id='word_1_233' title='bbox 870 3239 1077 3322; x_wconf 86' lang='lat' dir='ltr'><strong>difficultatis,</strong></span> <span class='ocrx_word' id='word_1_234' title='bbox 1091 3244 1192 3316; x_wconf 87' lang='lat' dir='ltr'><strong>modo</strong></span> 
     </span>
     <span class='ocr_line' id='line_1_30' title="bbox 148 3340 1191 3428; baseline 0.004 -22"><span class='ocrx_word' id='word_1_235' title='bbox 148 3364 197 3406; x_wconf 78' lang='lat' dir='ltr'><strong>arc</strong></span> <span class='ocrx_word' id='word_1_236' title='bbox 212 3355 393 3426; x_wconf 85' lang='lat' dir='ltr'><strong>temporum</strong></span> <span class='ocrx_word' id='word_1_237' title='bbox 413 3340 588 3404; x_wconf 83' lang='lat' dir='ltr'><strong>rationibus</strong></span> <span class='ocrx_word' id='word_1_238' title='bbox 610 3356 822 3427; x_wconf 84' lang='lat' dir='ltr'><strong>repugnaret:</strong></span> <span class='ocrx_word' id='word_1_239' title='bbox 847 3341 902 3406; x_wconf 90' lang='lat' dir='ltr'><strong>nifi</strong></span> <span class='ocrx_word' id='word_1_240' title='bbox 916 3341 1014 3405; x_wconf 85' lang='lat' dir='ltr'><strong>alium</strong></span> <span class='ocrx_word' id='word_1_241' title='bbox 1031 3343 1191 3428; x_wconf 87' lang='lat' dir='ltr'><strong>quendam</strong></span> 
     </span>
     <span class='ocr_line' id='line_1_31' title="bbox 147 3440 1191 3529; baseline 0.008 -24"><span class='ocrx_word' id='word_1_242' title='bbox 147 3441 331 3529; x_wconf 69' lang='lat' dir='ltr'><strong>vHyperidis</strong></span> <span class='ocrx_word' id='word_1_243' title='bbox 354 3441 511 3528; x_wconf 76' lang='lat' dir='ltr'><strong>aequalem</strong></span> <span class='ocrx_word' id='word_1_244' title='bbox 538 3440 756 3529; x_wconf 85' lang='lat' dir='ltr'><strong>intelligamus</strong></span> <span class='ocrx_word' id='word_1_245' title='bbox 786 3443 982 3529; x_wconf 86' lang='lat' dir='ltr'><strong>Euripidem.</strong></span> <span class='ocrx_word' id='word_1_246' title='bbox 1027 3445 1191 3513; x_wconf 71' lang='lat' dir='ltr'><strong>Caeterum</strong></span> 
     </span>
     <span class='ocr_line' id='line_1_32' title="bbox 156 3542 1193 3635; baseline 0.006 -28"><span class='ocrx_word' id='word_1_247' title='bbox 156 3545 333 3628; x_wconf 76' lang='grc' dir='ltr'><strong><em>Ὕγιοίοοντα</em></strong></span> <span class='ocrx_word' id='word_1_248' title='bbox 351 3567 450 3628; x_wconf 90' lang='lat' dir='ltr'><strong>quum</strong></span> <span class='ocrx_word' id='word_1_249' title='bbox 472 3542 557 3628; x_wconf 91' lang='lat' dir='ltr'><strong>apud</strong></span> <span class='ocrx_word' id='word_1_250' title='bbox 577 3557 750 3629; x_wconf 81' lang='lat' dir='ltr'><strong>utrumque</strong></span> <span class='ocrx_word' id='word_1_251' title='bbox 765 3544 903 3631; x_wconf 85' lang='lat' dir='ltr'><strong>legatur,</strong></span> <span class='ocrx_word' id='word_1_252' title='bbox 918 3560 952 3610; x_wconf 90' lang='lat' dir='ltr'><strong>et</strong></span> <span class='ocrx_word' id='word_1_253' title='bbox 968 3547 1087 3611; x_wconf 89' lang='lat' dir='ltr'><strong>iterum</strong></span> <span class='ocrx_word' id='word_1_254' title='bbox 1106 3549 1193 3635; x_wconf 88' lang='lat' dir='ltr'><strong>apud</strong></span> 
     </span>
     <span class='ocr_line' id='line_1_33' title="bbox 157 3642 1191 3736; baseline 0.007 -27"><span class='ocrx_word' id='word_1_255' title='bbox 157 3646 445 3731; x_wconf 88' lang='lat' dir='ltr'><strong>Harpocrationem</strong></span> <span class='ocrx_word' id='word_1_256' title='bbox 460 3645 493 3710; x_wconf 94' lang='lat' dir='ltr'><strong>in</strong></span> <span class='ocrx_word' id='word_1_257' title='bbox 507 3642 576 3721; x_wconf 63' lang='lat' dir='ltr'><strong>“Era</strong></span> <span class='ocrx_word' id='word_1_258' title='bbox 603 3644 650 3725; x_wconf 66' lang='lat' dir='ltr'><strong>aa}</strong></span> <span class='ocrx_word' id='word_1_259' title='bbox 672 3645 748 3724; x_wconf 72' lang='grc' dir='ltr'><strong><em>Νέον,</em></strong></span> <span class='ocrx_word' id='word_1_260' title='bbox 772 3646 883 3712; x_wconf 84' lang='lat' dir='ltr'><strong>malim</strong></span> <span class='ocrx_word' id='word_1_261' title='bbox 901 3647 964 3714; x_wconf 90' lang='lat' dir='ltr'><strong>hoc</strong></span> <span class='ocrx_word' id='word_1_262' title='bbox 986 3649 1070 3713; x_wconf 88' lang='lat' dir='ltr'><strong>tueri</strong></span> <span class='ocrx_word' id='word_1_263' title='bbox 1091 3673 1191 3736; x_wconf 89' lang='lat' dir='ltr'><strong>quam</strong></span> 
     </span>
     <span class='ocr_line' id='line_1_34' title="bbox 158 3744 1191 3836; baseline 0.007 -29"><span class='ocrx_word' id='word_1_264' title='bbox 158 3768 230 3809; x_wconf 93' lang='lat' dir='ltr'><strong>cum</strong></span> <span class='ocrx_word' id='word_1_265' title='bbox 247 3744 460 3812; x_wconf 86' lang='lat' dir='ltr'><strong>Valckenario</strong></span> <span class='ocrx_word' id='word_1_266' title='bbox 474 3745 578 3811; x_wconf 88' lang='lat' dir='ltr'><strong>nostro</strong></span> <span class='ocrx_word' id='word_1_267' title='bbox 593 3744 635 3809; x_wconf 90' lang='lat' dir='ltr'><strong>ad</strong></span> <span class='ocrx_word' id='word_1_268' title='bbox 655 3744 814 3832; x_wconf 85' lang='lat' dir='ltr'><strong>Euripidis</strong></span> <span class='ocrx_word' id='word_1_269' title='bbox 828 3746 1047 3835; x_wconf 89' lang='lat' dir='ltr'><strong>Hippolytum</strong></span> <span class='ocrx_word' id='word_1_270' title='bbox 1066 3770 1100 3836; x_wconf 92' lang='lat' dir='ltr'><strong>p.</strong></span> <span class='ocrx_word' id='word_1_271' title='bbox 1116 3769 1191 3835; x_wconf 84' lang='lat'><strong>232.</strong></span> 
     </span>
     <span class='ocr_line' id='line_1_35' title="bbox 156 3845 513 3932; baseline 0.014 -27"><span class='ocrx_word' id='word_1_272' title='bbox 156 3845 327 3929; x_wconf 76' lang='grc' dir='ltr'><strong>Ὕγιαῖοετον</strong></span> <span class='ocrx_word' id='word_1_273' title='bbox 343 3845 513 3932; x_wconf 88' lang='lat' dir='ltr'><strong>corrigere.</strong></span> 
     </span>
    </p>

    <p class='ocr_par' dir='ltr' id='par_1_5' title="bbox 143 3945 1248 4342">
     <span class='ocr_line' id='line_1_36' title="bbox 200 3945 1188 4039; baseline 0.008 -32"><span class='ocrx_word' id='word_1_274' title='bbox 200 3967 233 4031; x_wconf 83' lang='lat' dir='ltr'><strong>p.</strong></span> <span class='ocrx_word' id='word_1_275' title='bbox 247 3948 301 4026; x_wconf 87' lang='lat'><strong>46.</strong></span> <span class='ocrx_word' id='word_1_276' title='bbox 317 3948 360 4010; x_wconf 89' lang='grc' dir='ltr'><strong>Α.</strong></span> <span class='ocrx_word' id='word_1_277' title='bbox 384 3945 462 4031; x_wconf 79' lang='grc' dir='ltr'>λόγῳ</span> <span class='ocrx_word' id='word_1_278' title='bbox 483 3955 658 4035; x_wconf 67' lang='grc' dir='ltr'><strong>σωφρονοῦντι</strong></span> <span class='ocrx_word' id='word_1_279' title='bbox 680 3947 880 4034; x_wconf 70' lang='grc' dir='ltr'><strong><em>προσφέροντος</em></strong></span> <span class='ocrx_word' id='word_1_280' title='bbox 902 3949 1006 4013; x_wconf 79' lang='grc' dir='ltr'><strong><em>ἔπαινον</em></strong></span> <span class='ocrx_word' id='word_1_281' title='bbox 1028 3950 1188 4039; x_wconf 50' lang='lat' dir='ltr'><strong>butersiim]</strong></span> 
     </span>
     <span class='ocr_line' id='line_1_37' title="bbox 143 4043 1190 4132; baseline 0.009 -25"><span class='ocrx_word' id='word_1_282' title='bbox 143 4043 312 4130; x_wconf 49' lang='grc' dir='ltr'><strong>,χολαςικοιὶ</strong></span> <span class='ocrx_word' id='word_1_283' title='bbox 325 4044 440 4126; x_wconf 65' lang='grc' dir='ltr'><strong>μελέταν</strong></span> <span class='ocrx_word' id='word_1_284' title='bbox 453 4047 526 4114; x_wconf 81' lang='lat' dir='ltr'><strong>sunt</strong></span> <span class='ocrx_word' id='word_1_285' title='bbox 541 4047 756 4132; x_wconf 87' lang='lat' dir='ltr'><strong>Sophistarurn</strong></span> <span class='ocrx_word' id='word_1_286' title='bbox 770 4064 805 4113; x_wconf 85' lang='lat' dir='ltr'><strong>et</strong></span> <span class='ocrx_word' id='word_1_287' title='bbox 820 4048 1011 4127; x_wconf 88' lang='lat' dir='ltr'><strong>Rhetorum‚</strong></span> <span class='ocrx_word' id='word_1_288' title='bbox 1031 4066 1065 4113; x_wconf 90' lang='lat' dir='ltr'><strong>et</strong></span> <span class='ocrx_word' id='word_1_289' title='bbox 1082 4050 1117 4114; x_wconf 90' lang='lat' dir='ltr'><strong>hi</strong></span> <span class='ocrx_word' id='word_1_290' title='bbox 1131 4051 1190 4116; x_wconf 80' lang='lat' dir='ltr'><strong>sae·</strong></span> 
     </span>
     <span class='ocr_line' id='line_1_38' title="bbox 158 4146 1192 4240; baseline 0.01 -29"><span class='ocrx_word' id='word_1_291' title='bbox 158 4149 230 4233; x_wconf 90' lang='lat' dir='ltr'><strong>pius</strong></span> <span class='ocrx_word' id='word_1_292' title='bbox 252 4168 326 4210; x_wconf 91' lang='lat' dir='ltr'><strong>cum</strong></span> <span class='ocrx_word' id='word_1_293' title='bbox 350 4146 546 4211; x_wconf 72' lang='lat' dir='ltr'><strong>meretricibus</strong></span> <span class='ocrx_word' id='word_1_294' title='bbox 573 4165 818 4234; x_wconf 84' lang='lat' dir='ltr'><strong>comparantur:</strong></span> <span class='ocrx_word' id='word_1_295' title='bbox 848 4173 913 4236; x_wconf 89' lang='lat' dir='ltr'><strong>qua</strong></span> <span class='ocrx_word' id='word_1_296' title='bbox 936 4152 977 4216; x_wconf 91' lang='lat' dir='ltr'><strong>dc</strong></span> <span class='ocrx_word' id='word_1_297' title='bbox 994 4174 1028 4215; x_wconf 81' lang='lat' dir='ltr'><strong>re</strong></span> <span class='ocrx_word' id='word_1_298' title='bbox 1048 4155 1192 4240; x_wconf 83' lang='lat' dir='ltr'><strong>exposuit</strong></span> 
     </span>
     <span class='ocr_line' id='line_1_39' title="bbox 158 4247 1248 4342; baseline 0.006 -28"><span class='ocrx_word' id='word_1_299' title='bbox 158 4247 271 4315; x_wconf 74' lang='lat' dir='ltr'><strong>dottus</strong></span> <span class='ocrx_word' id='word_1_300' title='bbox 285 4247 384 4313; x_wconf 85' lang='lat' dir='ltr'><strong>homo</strong></span> <span class='ocrx_word' id='word_1_301' title='bbox 398 4249 437 4312; x_wconf 88' lang='lat' dir='ltr'><strong>L.</strong></span> <span class='ocrx_word' id='word_1_302' title='bbox 448 4248 620 4319; x_wconf 84' lang='lat' dir='ltr'><strong>Crcsollius</strong></span> <span class='ocrx_word' id='word_1_303' title='bbox 634 4249 666 4317; x_wconf 88' lang='lat' dir='ltr'><strong>iu</strong></span> <span class='ocrx_word' id='word_1_304' title='bbox 683 4250 823 4319; x_wconf 87' lang='lat' dir='ltr'><strong>&#39;shcatro</strong></span> <span class='ocrx_word' id='word_1_305' title='bbox 837 4251 938 4340; x_wconf 88' lang='lat' dir='ltr'><strong>Soph.</strong></span> <span class='ocrx_word' id='word_1_306' title='bbox 952 4253 1015 4317; x_wconf 87' lang='lat'><strong>111.</strong></span> <span class='ocrx_word' id='word_1_307' title='bbox 1029 4271 1060 4321; x_wconf 76' lang='grc' dir='ltr'><strong>ο..</strong></span> <span class='ocrx_word' id='word_1_308' title='bbox 1074 4276 1108 4342; x_wconf 75' lang='lat' dir='ltr'><strong>p.</strong></span> <span class='ocrx_word' id='word_1_309' title='bbox 1117 4259 1189 4342; x_wconf 84' lang='lat'><strong>158.</strong></span> <span class='ocrx_word' id='word_1_310' title='bbox 1245 4274 1248 4281; x_wconf 88' lang='grc'>’</span> 
     </span>
    </p>
   </div>
   <div class='ocr_carea' id='block_1_3' title="bbox 0 0 1346 4762">
    <p class='ocr_par' dir='ltr' id='par_1_6' title="bbox 0 0 1346 4762">
     <span class='ocr_line' id='line_1_40' title="bbox 0 0 1346 4762; baseline 0 0"><span class='ocrx_word' id='word_1_311' title='bbox 0 0 1346 4762; x_wconf 95' lang='lat' dir='ltr'><strong> </strong></span> 
     </span>
    </p>
   </div>
  </div>
 </body>
</html>
