2684 4762
151 316 1044 392 omnummwmmmfflm.

151 478 297 565 Legend.
323 483 381 545 Gr.
406 503 440 568 p.
453 501 529 569 493.
545 483 596 547 A:
624 487 679 559 τοῖς
700 484 751 563 ἔξω
772 489 802 563 δὴ
825 485 926 559 τούτοις
947 482 1193 573 πςοτολοθέηεςρ

151 588 302 657 τηνικαῦτα
319 590 373 646 τῶν
392 588 465 669 ἱερῶν
480 584 501 669 οὲ
516 585 669 671 ἁποῤῥῆτοον
683 586 894 668 ἐπακοοσόμοθα
906 584 1121 666 παιδευμάτων·
1146 580 1194 664 rud

152 686 181 746 te
200 681 278 745 ὕδατι
296 685 342 747 τὸν
361 686 435 762 ἥλιον
457 690 519 771 opii
537 685 691 765 ἐθνοθόνοες,
715 685 796 761 οὕτως
817 691 892 771 αὐτῷ
910 683 1134 773 expendendum
1152 689 1192 769 uqi

151 785 221 868 φωτὶ
234 786 284 858 τὰς
298 784 381 862 ὄψεις.
410 787 662 873 Xenophontem
678 787 795 853 Cicero
806 787 900 852 Tusc.
913 789 940 850 l.
951 806 1014 872 30:
1039 785 1106 849 Nee
1120 807 1192 850 vero

150 888 188 951 de
202 888 252 951 hoc
265 889 420 976 quisquam
434 891 572 955 dubitare
585 891 685 978 poffit,
700 891 757 978 nist
769 891 846 954 idem
858 889 941 956 nobis
954 888 1098 953 accideret
1115 886 1190 950 dili·

147 1003 254 1078 genter
272 990 308 1053 de
329 992 425 1057 animo
448 991 655 1080 cogitantibus,
677 995 756 1081 quod
777 993 822 1056 his
838 993 923 1079 saepe
943 991 997 1077 usu
1015 988 1115 1068 venit,
1139 988 1191 1075 qui
1229 988 1242 1017 ⁹

151 1115 216 1155 cum
237 1091 345 1156 acriter
366 1093 456 1157 oculis
480 1091 658 1179 deficientem
669 1095 763 1181 solem
785 1094 979 1172 intuerentur,
1005 1094 1054 1175 (ut
1076 1089 1190 1156 delen·

150 1193 231 1260 dum
253 1195 390 1278 videtur)
416 1198 583 1284 adspettum
605 1197 717 1261 omnino
734 1197 921 1261 amitterent:
932 1197 980 1280 ſse
992 1193 1100 1258 mentis
1114 1193 1190 1257 acies

144 1296 253 1383 seipsa
267 1296 394 1375 intuens,
407 1320 623 1384 nonnumquam
637 1296 759 1386 hebescit
767 1321 776 1376 3
795 1296 828 1360 ob
843 1319 964 1383 eamque
979 1294 1110 1379 carcffizm
1121 1316 1190 1357 con·

29 1472 30 1476 Ἰ
152 1397 316 1486 temptandi
336 1398 524 1486 diligentiam
547 1398 730 1464 amittimusr
761 1398 816 1463 ubi
837 1401 869 1465 J.
891 1396 1033 1462 Davifius
1058 1418 1190 1483 quoquo

150 1500 290 1585 exempli
304 1499 400 1588 hujus
414 1499 679 1566 consuetudinem
692 1500 812 1587 attigit.
850 1500 1013 1564 Caeterum
1030 1497 1089 1561 lux
1105 1497 1191 1562 Solio

150 1602 185 1667 in
200 1602 263 1666 alio
277 1625 411 1689 corpore
424 1601 599 1689 repercussa
613 1601 731 1668 dicitur
747 1602 822 1667 νόθον
837 1610 902 1685 φῶς,
917 1615 955 1664 ut
969 1602 1085 1679 Lunae,
1101 1599 1189 1687 apud

152 1702 319 1767 Catullum
343 1704 452 1768 Carm.
468 1704 608 1770 XXXV.
628 1717 686 1788 15:
712 1703 759 1767 Tu
775 1714 876 1790 potens
891 1702 1000 1766 Trivia
1014 1713 1043 1763 et
1057 1703 1147 1766 notho
1161 1723 1190 1764 et

150 1805 247 1869 Diale
262 1805 371 1871 lumine
384 1806 496 1872 Luna:
519 1807 707 1872 Lucretium
725 1809 767 1872 V.
783 1821 822 1890 57
825 1821 866 1889 5:
890 1805 1039 1890 Lunaque
1048 1804 1124 1888 five
1135 1827 1188 1868 no·

151 1908 199 1972 tbo
209 1907 318 1995 fertur
337 1908 399 1974 loca
417 1909 527 1973 lumine
547 1907 685 1994 lustrans,
708 1909 780 1972 Siue
790 1910 882 1993 suant
896 1906 1014 1995 proprio
1026 1907 1136 1991 jaalet
1153 1907 1190 1968 de

149 2021 265 2095 corpore
285 2007 430 2089 lucem-‚
447 2032 543 2096 quem
562 2008 672 2073 locum
693 2012 725 2074 J.
742 2006 887 2092 Toupius
903 2005 1053 2070 adhibuit
1073 2028 1189 2071 emen·

149 2108 258 2174 dando
280 2112 514 2199 Epigrammati
534 2110 729 2176 Dioscoridis
745 2109 786 2174 ad
805 2109 889 2173 hone
910 2109 1061 2188 formam,
1083 2109 1188 2174 nart-

148 2237 226 2293 μενος
247 2211 370 2300 Σπάρτᾳ
392 2223 446 2297 φῶς
468 2212 614 2296 ἀνέλαμψε
637 2213 723 2291 νόθον,
746 2212 809 2297 Ep.
831 2209 913 2275 Crit.
934 2231 968 2296 p.
984 2228 1037 2295 93.
1060 2210 1190 2276 acutius

149 2336 248 2400 quam
272 2315 375 2379 verius
387 2341 397 2395 3
431 2315 583 2402 siquidem
603 2337 622 2379 e
644 2314 833 2399 scriptorum
860 2311 1013 2376 consensu
1035 2311 1189 2379 codicum

149 2415 334 2494 Brunckiup
357 2416 459 2481 edidit
479 2419 600 2491 -κῡδος
624 2416 735 2499 ἔλαμψε
758 2415 845 2492 νόθον,
869 2413 1017 2478 ΑῃοΙοᾶὶ.
1040 2416 1081 2479 Τ.
1101 2416 1130 2479 Ι.
1153 2437 1189 2502 p.

149 2518 227 2602 496.
252 2517 317 2585 ,Ab
331 2516 445 2581 eodem
459 2517 606 2603 exemplo
621 2516 756 2581 dudum
770 2516 814 2578 est
829 2514 910 2579 illud
925 2513 1067 2579 Philonis
1081 2515 1189 2582 Judaei

149 2619 202 2682 De
222 2617 380 2682 Fortitud.
404 2641 438 2704 p.
453 2619 525 2703 738.
541 2617 592 2682 A:
616 2617 817 2705 φρόνησις-μή
836 2617 1020 2704 σςοσδεομὲνη
1040 2617 1109 2680 νόθον
1129 2637 1188 2698 pn·

149 2722 207 2798 rte,
229 2722 300 2806 ἀςὴς
321 2718 391 2781 οὖσα
412 2721 492 2796 αὐτή.
528 2721 580 2784 De
605 2719 744 2785 Somniis
766 2742 799 2806 p.
814 2722 889 2804 568.
903 2724 952 2785 E:
974 2719 1005 2782 ri
1021 2722 1049 2783 δὲ
1067 2723 1188 2805 σελήνης

148 2821 259 2908 no‘repou
279 2822 388 2905 γνήσιον
407 2820 421 2898 ἢ
440 2821 515 2883 νόθον
536 2819 685 2908 ὲπιφέμπσμ
702 2820 806 2905 pipios,
828 2825 955 2898 ἡλιακαῖς
969 2823 1190 2905 &imperiumn

151 2926 314 2988 ἀντῖσον-.
357 2926 409 2988 De
428 2923 608 3008 Nominum
634 2923 819 2988 Mutatione
845 2946 877 3010 p.
897 2937 990 3006 1045.
1010 2925 1062 2986 A:
1093 2930 1107 2987 ὁ
1132 2932 1189 3013 γὰρ

149 3032 207 3101 νοῦς
220 3027 251 3088 τὸ
269 3022 397 3098 ἄκλενςον
415 3023 461 3105 καὶ
478 3024 627 3107 ἀκοίμητον
647 3023 819 3113 ωςοσὸαλῶν
838 3024 917 3106 ὄμμα
931 3029 987 3099 τοῖς
1008 3025 1150 3108 δόγμασιν
1167 3030 1188 3116 ᾖ

148 3133 205 3203 τοῖς
225 3128 411 3215 θεωρήμασιν,
432 3127 496 3190 εἶδον
515 3131 589 3190 αὐτοὶ
611 3131 641 3190 οὐ
664 3127 733 3212 νόθῳ
757 3129 837 3209 φωτὶ,
860 3127 965 3212 γνησίῳ
988 3127 1026 3206 δὲ,
1053 3126 1119 3216 ὅπερ
1143 3131 1190 3213 ἀφ’

149 3236 245 3295 tauron]
274 3229 442 3312 ἐξέλαμψεν.
502 3229 668 3294 Caeterum
695 3228 735 3292 do
765 3230 818 3292 illa
845 3228 983 3292 difflone
1014 3231 1190 3296 consulen-

149 3329 211 3396 dus
236 3331 279 3395 est
303 3332 401 3395 etiam
425 3332 470 3394 D.
490 3330 667 3395 Lambinus
690 3328 731 3394 ad
753 3331 939 3395 Lucretium
963 3329 1036 3394 loco
1059 3337 1191 3400 memo·⁸

149 3444 233 3496 reto.

192 3534 246 3616 36.
262 3534 297 3594 F.
319 3533 374 3595 Τὸν
387 3531 473 3614 φύντα
485 3533 643 3617 &gmon—J
670 3533 718 3596 Ex
734 3531 894 3617 Euripidis
914 3531 1118 3618 Cresphonte
1135 3558 1191 3602 ee·

149 3632 310 3698 leberrimi
326 3634 444 3711 versus,
467 3632 579 3696 multis
593 3634 749 3698 Veterum
769 3633 871 3713 citati,
892 3634 1001 3698 multis
1023 3638 1193 3704 recentio-

149 3757 223 3801 rum
238 3734 350 3814 notati‚
364 3755 501 3821 quorum
517 3733 589 3797 satis
604 3735 647 3798 est
660 3733 797 3798 laudatio
812 3735 892 3801 duos
906 3738 968 3800 Th.
981 3728 1193 3807 Gatakerum

148 3836 280 3902 Advers.
298 3835 458 3900 Posthum.
474 3836 517 3899 X.
537 3857 569 3920 p.
586 3853 661 3921 530.
684 3849 719 3921 qt
737 3837 769 3902 J.
784 3836 944 3902 Davifium
959 3837 1001 3902 ad
1018 3837 1194 3910 Ciceronis

148 3937 242 4004 Tusc.
259 3939 286 4002 Ι.
300 3938 355 4018 48.

190 4044 244 4126 36.
261 4044 296 4106 F.
317 4039 396 4104 Ἐπεὶ
413 4039 443 4103 τί
460 4043 495 4103 δέ
513 4043 662 4126 βροτοῖσιν]
688 4039 849 4126 Euripidis
865 4063 903 4105 ex
925 4040 1048 4107 incerta
1063 4057 1193 4133 tragoe-

150 4141 224 4206 dia:
252 4141 365 4206 multis
387 4140 466 4206 item
486 4141 643 4205 Veterum
666 4155 891 4238 memoratum,
918 4165 997 4229 quos
1017 4143 1129 4212 videre
1147 4151 1194 4214 est

149 4244 188 4310 T.
204 4245 266 4311 III.
285 4266 320 4334 p.
333 4260 409 4334 594.
430 4242 508 4313 edit.
523 4242 775 4333 Musgravianae:
798 4242 831 4310 in
851 4244 962 4332 primis
984 4244 1194 4340 Chryfippuo
