2684 4762
224 344 268 399 48
312 336 523 402 ANIMADV..
535 337 583 401 IN
596 337 670 400 uu.
682 337 738 398 DE
749 337 926 401 EDUCAT.
937 338 1173 401 PUERORUM.

226 498 341 567 falsum
352 512 386 565 et
398 501 440 566 ab
451 500 497 565 rei
511 512 623 566 natura
635 512 669 566 et
683 499 817 567 historiae
832 503 894 566 fide
907 501 1062 581 alienum
1084 501 1256 572 ferendum

226 601 352 669 fortasse
365 601 398 668 in
413 625 464 682 eo,
478 603 534 689 qui
548 625 623 671 cum
636 602 743 690 pueris
755 603 834 690 agit,
852 603 1037 694 pedagogo
1045 617 1080 669 et
1093 605 1259 690 magistro,

226 715 265 770 ut
283 726 339 771 eos
353 705 433 770 fallis
447 704 650 792 opinionibus
668 704 709 774 ed
730 706 816 793 recle
836 704 999 792 egendum
1012 704 1122 784 ducat,
1137 706 1257 793 hasque

224 803 377 872 adhibeat
390 810 425 882 ὥς
438 811 465 870 le
478 808 612 894 pappolus
625 807 724 895 palpo:
747 805 826 872 item
841 807 874 872 in
888 808 1065 873 oratoribus
1079 808 1137 895 qui
1149 831 1258 896 popu-

225 903 325 971 larem
340 905 453 973 dicunt
466 908 676 989 concionem;
697 931 762 975 uon
777 909 809 973 in
825 907 1025 995 philosopho,
1040 908 1096 994 qui
1112 911 1144 976 se
1157 931 1258 997 argu·

224 1020 374 1075 utentum
398 1008 447 1073 via
474 1021 509 1072 et
535 1008 658 1073 ratione
683 1009 908 1100 expliciturum
930 1009 1127 1095 profiteatur.
1174 1011 1258 1097 Cap.

224 1108 337 1179 xvll.
360 1131 394 1196 p.
409 1129 459 1178 12.
483 1110 536 1173 D:
565 1109 659 1173 Pueri
678 1135 699 1173 a
720 1109 866 1175 mulonem
889 1111 1090 1195 coustaetudine
1110 1112 1260 1176 hominum

214 1209 293 1298 fiant
311 1210 495 1297 prohibendi⁸
534 1209 601 1275 Hoc
613 1222 641 1273 et
656 1197 845 1297 Pythagoras
855 1212 996 1298 precepit
1007 1227 1063 1300 per
1077 1214 1257 1300 enigmata,

224 1333 297 1399 qua
314 1334 368 1397 ego
384 1323 531 1398 apponunt
549 1322 578 1374 et
596 1309 767 1398 explicabo:
789 1311 840 1376 his
853 1311 957 1391 dietis,
971 1311 1123 1398 deinceps
1141 1334 1259 1381 notem

225 1406 392 1496 subjungit
405 1409 548 1497 symbola
569 1409 793 1498 Pythagorica,
807 1433 944 1498 quorum
962 1433 1027 1476 non
1047 1413 1102 1479 niti
1117 1413 1258 1500 primum

226 1523 262 1576 et
282 1524 433 1597 quartum
456 1509 497 1577 ad
519 1532 588 1578 rem
614 1511 800 1596 presentem
826 1511 984 1598 pertinet,
1006 1512 1128 1599 reliqua
1149 1513 1260 1579 omnia

225 1612 330 1682 aliene
348 1613 434 1681 suut.
477 1613 559 1699 Cap.
574 1613 666 1679 XIX.
686 1635 720 1700 p.
738 1634 788 1699 13.
805 1617 830 1682 F
839 1640 848 1679 ε
871 1612 1073 1700 Adulescentes
1090 1614 1258 1703 vuluptati-

227 1712 284 1780 bus
309 1712 404 1776 dediti
428 1724 457 1776 et
483 1711 745 1798 reprebenseonibus
775 1713 871 1784 mnus
898 1716 1126 1802 obtemperantes
1150 1714 1258 1780 matri·

226 1813 323 1880 nonio
343 1813 598 1902 constringantur:
622 1814 701 1901 quod
719 1813 759 1899 est
776 1812 946 1901 tutffmum
956 1815 1131 1903 juverttutt's
1148 1817 1259 1881 vincu-

227 1914 302 1980 lum.
344 1917 420 1980 Hoc
433 1914 479 1979 ita
491 1912 672 2000 fimpliciter
684 1928 883 2001 praeceptum
895 1914 999 2002 magis
1018 1929 1142 2002 patrem
1155 1937 1174 1980 e
1189 1916 1260 1981 Co-

226 2015 355 2096 moediu,
378 2037 479 2103 quum
499 2015 718 2095 Plutarchum,
738 2030 773 2081 ct
788 2016 922 2082 omnino
938 2016 1104 2085 hominem
1117 2015 1263 2103 cogitate

225 2116 270 2185 tle
287 2116 350 2184 hoc
368 2129 563 2205 argumento
584 2114 823 2203 praecipientem
841 2105 975 2188 deceat:
997 2131 1127 2205 propter
1141 2119 1262 2186 multus

225 2242 305 2310 ques
319 2221 390 2287 haec
406 2242 456 2286 res
469 2220 567 2285 habet
586 2220 763 2284 cautiones.
806 2222 932 2291 Harum
945 2220 999 2284 iste
1013 2220 1156 2300 unicam,
1168 2243 1261 2286 eam·

225 2344 291 2410 que
312 2320 436 2387 fortalle
458 2318 585 2384 minimi
604 2319 774 2401 momenti,
795 2319 938 2386 eddidit:
965 2344 1041 2385 uxor
1053 2321 1101 2408 fit
1123 2322 1261 2411 §asmodi

225 2447 296 2513 qua
316 2424 458 2502 maritum
478 2420 596 2489 divitiis
616 2432 645 2483 et
664 2420 820 2487 nobilium
836 2423 956 2510 generis
977 2447 1036 2488 non
1056 2424 1182 2489 multum
1197 2426 1259 2511 su-

223 2536 327 2614 peret3
350 2523 457 2611 quippe
475 2522 527 2610 qui
548 2520 623 2587 tales
644 2523 757 2587 ductent
775 2547 892 2603 uxores,
906 2548 965 2588 nen
980 2524 1095 2604 mariti,
1106 2527 1169 2612 sed
1184 2528 1262 2596 dotis

216 2627 319 2716 snei,
329 2625 429 2712 fiunt.
456 2627 544 2712 Ergo
558 2623 647 2690 nulle
659 2624 782 2695 tuentio
796 2625 832 2690 tit
845 2624 956 2707 animi,
970 2626 1104 2713 ingenii,
1117 2649 1260 2710 morum,

227 2735 383 2800 virtutum
402 2731 618 2812 muliebrium,
632 2730 749 2818 quibus
765 2731 905 2796 futuram
920 2732 1191 2801 matremfamilias
1207 2734 1258 2799 in·

227 2841 379 2910 truttam
396 2841 458 2906 effe
477 2852 624 2928 oportet=
650 2849 786 2925 quarum
808 2837 863 2903 nili
881 2837 962 2904 ratio
982 2839 1148 2919 habeatur,
1168 2854 1260 2926 pater

228 2942 331 3008 tilium
352 2939 557 3007 matrimonio
581 2962 646 3005 non
667 2938 817 3027 corrigat,
840 2938 894 3005 sed
913 2951 1047 3026 nepotes
1065 2953 1188 3027 querat
1205 2939 1259 3008 iis,

227 3040 580 3113 demvitiisobnoxios.
774 3049 779 3057 '

605 3308 796 3416 CAPUT
829 3312 875 3378 ΙΙ.

650 3485 702 3548 De
715 3444 835 3551 Forma.

271 3655 387 3720 Forma
407 3652 527 3742 duplex
545 3653 611 3720 est:
634 3652 733 3720 altera
752 3662 872 3732 remm',
894 3652 936 3719 de
957 3675 1020 3742 qua
1041 3664 1128 3720 nunc
1146 3652 1258 3720 dicen,

227 3752 309 3823 dum
321 3781 330 3821 ε
351 3755 452 3822 altera
464 3754 628 3838 emtionis,
643 3755 684 3821 de
697 3777 762 3842 qua
774 3756 881 3842 postea
894 3754 1050 3831 dicemus,
1194 3840 1197 3844 ι

230 3908 234 3915 .
271 3857 390 3924 Rerum
412 3854 526 3936 formu,
548 3869 586 3922 ut
606 3857 699 3944 supra
717 3855 915 3946 monuimus,
937 3856 1122 3924 continetur
1135 3856 1272 3926 duabus.

228 3955 382 4046 pertibus,
397 3956 598 4046 distributione
609 3956 745 4041 materia
756 3968 791 4024 et
803 3958 1068 4045 argumentatione.
