2684 4762
297 331 352 391 ns
372 300 598 390 Auoisuois
619 328 764 388 nonus.
786 337 874 406 pao.
890 329 967 400 aa
1086 284 1145 392 aas

117 492 175 581 qui
197 491 314 557 dicitur
340 493 520 572 Phalereus,
546 493 598 557 De
624 492 815 556 Elocutione
838 493 868 574 ξ.
886 512 945 559 20:
975 497 1031 568 Τῆς
1052 494 1079 554 δὲ
1100 499 1149 580 ρη-

117 599 225 681 τορικῆς
241 593 351 680 περιίδοι
373 593 588 679 σονεςραμμένον
605 595 637 655 τὸ
656 593 732 671 εἶδος,
747 594 795 656 καί
813 596 954 687 κοκλιιιόν,
969 594 1016 656 καί
1032 593 1150 676 δεόμενον

120 691 279 780 ςρογγίλοο
303 692 422 774 ςίματος
440 691 487 771 καί
503 695 595 778 χειρὸς
616 692 869 778 ονμιιεριαγομίιης
887 698 927 777 τῷ
950 698 1062 778 ροθμῷε
1095 691 1151 757 ubl

121 817 262 880 nuperus
283 794 388 859 editor
409 797 440 860 J.
456 795 498 858 G.
519 793 732 859 Schneiderus
757 793 885 858 dodlam
908 793 1023 880 adjecit
1045 795 1150 859 anim-

121 895 346 960 adverlionem.

164 1015 217 1081 30.
230 997 268 1058 E.
290 1000 328 1077 μὴ
342 993 473 1079 παιγνίας
486 998 565 1057 ἄλλοί
576 993 704 1067 παιδείας
718 993 808 1077 ἕνεκα]
835 993 868 1057 Sl
883 992 1009 1059 codices
1022 991 1152 1080 quidam

122 1096 276 1159 haberent
298 1118 356 1181 pro
381 1094 520 1179 παιγνίας
540 1097 668 1172 παιδιᾶς,
691 1093 778 1180 quod
800 1093 939 1158 licilkius
961 1095 1152 1180 corrigebat,

120 1198 162 1261 ab
184 1218 222 1261 eo
245 1195 427 1282 recipiendo
449 1218 513 1260 non
535 1195 757 1276 abhone1c1n3
781 1197 952 1281 pr'aesertim
972 1220 1071 1284 quum
1092 1198 1151 1262 ati-

122 1321 219 1386 quam
241 1298 463 1384 paronomafiae
485 1296 797 1362 commendationem
816 1299 942 1376 habeat,
965 1322 1060 1385 quam
1083 1301 1152 1366 Vc·

122 1415 205 1465 teres
219 1401 252 1464 in
268 1400 318 1464 his
335 1399 497 1464 vocabulis
510 1398 642 1464 subinde
655 1400 754 1463 secuti
769 1400 853 1479 sunt,
874 1401 904 1465 in
926 1402 1036 1488 primis
1052 1403 1154 1481 Plato,

123 1502 215 1589 cujus
239 1502 392 1589 quoidam
414 1503 502 1567 locos
525 1503 646 1567 notavit
671 1503 884 1567 Ruhnkcnius
907 1505 1009 1567 noster
1030 1503 1070 1568 ad
1096 1505 1154 1568 'li-

123 1603 198 1667 maei
218 1606 295 1668 Lex.
324 1604 403 1667 Plat.
427 1625 459 1689 p.
477 1623 506 1670 a.
521 1620 554 1668 et
568 1623 601 1688 3.
624 1617 657 1667 et
679 1626 741 1689 ego
764 1604 795 1668 in
820 1604 957 1689 Epistola
978 1605 1099 1668 Critica
1113 1605 1155 1669 ad

124 1704 355 1769 Ruhnkenium
374 1727 407 1789 p.
426 1725 436 1766 ι
442 1725 484 1788 3:
509 1705 624 1791 quibus
646 1703 781 1770 addatur
803 1705 943 1769 Platonis
964 1708 1044 1792 ch.
1066 1710 1093 1770 l.
1118 1729 1153 1792 p.

123 1823 199 1889 572.
214 1809 253 1885 Ε,
269 1809 305 1883 F,
321 1807 364 1869 G.
390 1807 432 1867 ll.
447 1822 522 1889 577.
537 1806 584 1868 B:
607 1810 654 1883 τὴν
671 1808 739 1892 οτερί
760 1810 812 1880 τοὶς
833 1806 940 1881 Μέσας
954 1806 1074 1870 παιδείαν
1088 1809 1154 1893 τεῇ
1203 1869 1204 1872 ,

125 1909 245 1972 ταιδιοίν.
280 1909 355 1971 Vll.
377 1929 407 1991 p.
423 1910 498 1991 633.
514 1908 564 1971 G:
588 1910 620 1971 τίν
638 1911 658 1970 δ’
679 1905 709 1983 ἦν
730 1913 756 1970 ἐν
772 1907 886 1994 πολέμῳ
906 1907 1025 1995 μὲνοίρα
1049 1908 1089 1971 ἔτ’
1112 1907 1156 1972 οὖν

35 2079 37 2082 y
126 2011 228 2071 οταιδιοὶ
249 2013 394 2088 πεφυκυῖα,
420 2009 473 2072 οὔτ’
492 2009 527 2072 αὗ
548 2008 665 2072 οταιδοία
689 2012 762 2072 mosi
785 2015 846 2091 ἡμῖν
868 2011 1023 2094 ἀξιόλογος.
1059 2011 1155 2074 VIII.

126 2132 158 2196 p.
174 2113 248 2191 644.
265 2111 314 2175 C:
338 2109 459 2174 παιδείαν
479 2137 508 2173 τε
531 2109 592 2192 ίίμα
616 2109 660 2190 καί
682 2114 790 2174 παιδιὰν
811 2112 970 2192 πολεμικήν.
1007 2113 1105 2175 Nunc
1123 2125 1158 2177 et

124 2212 196 2275 libri
219 2234 331 2276 omnes
354 2211 531 2277 Plutarchei
552 2213 671 2277 habent
691 2211 833 2298 παιγνίας,
855 2235 913 2276 nec
932 2212 1094 2277 verisimile
1114 2214 1177 2291 est*

125 2313 269 2377 librarios
284 2315 472 2379 vocabulum
490 2315 587 2378 rarius
601 2314 709 2378 minus
723 2336 794 2379 raro
809 2313 1001 2378 substituisse.
1030 2316 1156 2402 Quam·

33 2490 36 2495 ¹
126 2415 173 2479 vis
195 2440 311 2496 rarum,
335 2431 441 2481 tamen
457 2419 593 2503 probum
612 2416 672 2481 else
686 2439 759 2481 cum
774 2415 921 2501 analogia
944 2429 1158 2503 cognatorum

126 2520 271 2604 παίγνιον,
293 2519 476 2604 οταιγνιῶδης,
497 2520 676 2603 παιγνιήμων
689 2518 837 2597 ostendit,
853 2532 923 2582 tum
937 2518 1087 2582 evincunt
1100 2541 1156 2582 ex·

126 2620 233 2706 empla
253 2621 399 2706 quaedam
419 2620 505 2706 apud
527 2619 659 2684 Suidam
681 2620 713 2684 in
736 2642 813 2684 voce
833 2620 972 2704 Παιγνία·
997 2634 1032 2686 et
1049 2621 1156 2686 Hero·

127 2720 241 2787 dotum
257 2726 283 2786 l.
300 2744 353 2808 94.
424 2763 425 2767 =

170 2844 224 2909 30.
238 2827 275 2887 E.
298 2824 419 2902 Τυδείδη,
433 2824 464 2887 τί
475 2825 658 2910 cattorp]
684 2823 776 2887 Iliad.
791 2828 831 2886 Α.
846 2843 920 2907 313.

169 2946 223 3009 30.
239 2926 277 2988 Ε.
301 2929 389 3009 Χαῖρε
403 2927 424 2986 δ’
438 2924 626 3010 Ἀθηναίη-]
653 2923 760 3011 Odyll.
776 2930 812 2986 Γ.
826 2938 879 3006 52.

170 3046 224 3109 30.
240 3027 274 3089 F.
297 3024 394 3087 Οίνοιί
413 3028 567 3109 idmst]
595 3024 702 3111 Odyff.
718 3027 763 3088 Ν.
778 3044 853 3108 332.
876 3026 916 3097 ἐς)
939 3046 997 3109 pm
1016 3028 1076 3088 ἐσσί
1098 3023 1158 3092 de·

128 3124 177 3188 dit
191 3126 313 3188 versum
329 3124 369 3188 ad
384 3125 471 3188 suam
486 3125 548 3209 ipse
562 3123 739 3188 orationem
752 3124 1009 3189 accommodans.

170 3247 224 3310 30.
241 3229 275 3291 F.
297 3228 421 3308 θεοφιλὲς
440 3225 486 3305 καί
505 3231 576 3289 θεῖον
589 3230 697 3313 ἀρετὴν,
712 3226 770 3310 ιίγο
789 3230 818 3304 ὃν)
832 3231 870 3289 τοὶ
884 3226 962 3308 ὅμοια
980 3227 1090 3314 χαίρειν
1103 3233 1160 3304 τοῖς

128 3328 227 3409 ὁμοίοις
251 3326 400 3413 πέφυκεν]
436 3327 487 3390 Est
515 3325 645 3412 quidem
672 3326 742 3390 haec
767 3327 921 3390 sententia
946 3327 1044 3391 veluti
1069 3328 1160 3395 locus

129 3427 312 3492 communis
326 3427 358 3491 in
373 3431 527 3492 Veterum
543 3425 754 3512 philosophia,
775 3440 813 3490 ut
831 3426 862 3490 in
881 3425 949 3514 ejus
963 3428 1161 3497 mentionem

130 3531 218 3595 nulla
232 3530 421 3596 imitationis
443 3528 575 3615 suspicio
593 3527 706 3592 cadere
721 3527 883 3593 videatur:
907 3543 1061 3609 attamen,
1084 3545 1122 3596 ut
1141 3553 1162 3598 a

131 3632 302 3698 Plutarcho
317 3632 459 3718 ponitur,
475 3630 525 3694 vix
544 3628 689 3694 dubitem
709 3630 847 3718 aliquam
869 3632 985 3697 subelsc
1005 3633 1161 3700 imitatio·

130 3756 204 3797 nem
227 3735 364 3800 Platonis
384 3736 464 3820 Leg.
480 3734 538 3797 lV.
561 3754 594 3818 p.
610 3736 684 3797 601.
699 3735 748 3798 A:
772 3734 823 3809 Τίς
837 3734 880 3798 οὗν
894 3738 922 3813 δὴ
936 3739 1041 3823 πρᾶξις
1056 3736 1119 3820 φίλη
1139 3737 1161 3825 ᾖ

128 3834 269 3909 andasta
283 3841 357 3921 δορὴ
381 3835 434 3916 μία
448 3833 469 3920 ’b
489 3832 535 3897 ἕνα
549 3834 633 3919 λόγον
648 3833 744 3920 ίχοοα
756 3839 886 3921 ἀρχαῖον,
909 3834 948 3899 ὅτι
963 3842 1002 3920 τῷ
1015 3839 1065 3918 μὲν
1080 3838 1162 3924 ίμοίορ

130 3939 162 4000 τὸ
177 3935 264 4016 ὅμοιον
283 3936 336 4000 ὄντι
350 3935 452 4023 μετρίῳ
467 3936 543 4017 φίλον
557 3934 590 3999 dv
603 3934 653 4014 τίη,
672 3940 709 3999 τοὶ
728 3937 755 3998 δὲ
774 3935 881 4021 ἄμετρα
901 3935 941 3999 ἔτ’
956 3940 1088 4012 ἇλλῆλοις
1102 3938 1163 4004 οὔτε

130 4042 186 4110 τοῖς
201 4036 351 4123 ἐμμέτροις·
375 4042 430 4115 ddi
444 4039 504 4111 θεὸς
518 4042 580 4119 ἡμῖν
600 4037 707 4100 πάντων
726 4037 880 4124 χρημάτων
892 4038 990 4123 μέτρον
1006 4039 1037 4099 ἂν
1052 4039 1087 4115 ain
1101 4042 1162 4119 μοί-

133 4154 201 4210 λιςα
216 4136 261 4217 καί
274 4138 344 4200 πολὺ
357 4143 466 4219 μᾶλλον
484 4139 500 4215 ἤ
517 4164 556 4201 τα
576 4139 627 4215 τίς,
648 4136 791 4218 ὥςραοιν,
806 4136 954 4225 ἄνθρωπος·
978 4143 1022 4200 τὸν
1041 4141 1083 4202 οὖν
1101 4168 1161 4205 τοι·

134 4237 191 4324 ν’τιρ
209 4244 353 4325 προσφιλῆ
369 4239 556 4323 γενησόμενον,
571 4244 606 4314 εἰς
629 4238 738 4322 δύναμιν
758 4237 797 4302 ὅτι
816 4240 928 4323 μάλιςα
942 4242 988 4303 καί
1004 4246 1084 4306 αὐτὸν
1101 4271 1161 4308 τοι·
