2684 4762
321 311 376 372 oa
396 313 572 374 aunem.
594 311 826 397 Poenorum.
847 315 917 389 pn.
931 314 1017 382 nn.
1131 322 1190 373 ror·

143 478 201 562 sus
219 472 357 561 existimo,
376 474 461 541 bonos
481 476 588 556 beatos,
604 475 745 564 improbos
759 477 881 563 miseros.
919 478 1015 561 Miser
1034 498 1103 562 ergo
1117 475 1183 538 Ar-

155 575 301 639 chelaus?
325 576 418 656 Certe,
430 579 467 663 ſs
477 577 608 667 injustus.
636 576 691 642 Ad
706 599 801 664 quern
817 578 924 642 locum
940 577 1072 642 aliorum
1088 575 1185 640 etiam

154 677 322 743 citationes
344 679 464 744 notavit
484 682 516 745 J.
531 679 684 744 Davifius.
721 678 830 743 Simile
852 678 949 743 exstat
964 677 1101 764 Agefilai
1115 676 1183 741 dic·

154 791 225 844 tum
245 779 277 843 in
296 781 467 868 Apophth.
492 782 573 867 Reg.
595 792 628 845 et
647 781 733 845 Duc.
756 802 789 866 p.
808 800 880 865 190.
896 783 941 845 F:
966 793 999 844 et
1013 777 1183 866 Apophth.

155 884 232 946 Lac.
247 901 280 967 p.
296 900 369 967 213.
386 883 427 948 C.
815 966 819 980 Ι

197 982 230 1044 6.
245 983 289 1045 Α.
310 979 400 1067 ὥσπερ
414 982 440 1043 δὲ
453 984 630 1068 παραινῶ-]
656 982 708 1046 De
727 980 908 1045 temeritate
928 992 961 1044 et
979 978 1184 1066 negligentia,

154 1104 218 1169 qua
231 1082 295 1147 hoc
309 1081 342 1146 in
357 1080 463 1168 capite
476 1083 613 1147 versatus
627 1083 670 1146 est
685 1082 827 1169 scriptor,
848 1081 1032 1146 monuimus
1045 1080 1077 1143 in
1093 1080 1185 1166 Disp.

153 1183 195 1247 de
208 1184 359 1270 scriptore
373 1183 468 1270 hujus
482 1182 583 1248 libelli
594 1184 679 1248 Se&
694 1185 739 1248 11.
757 1187 840 1249 Part.
854 1185 882 1247 1.
899 1183 981 1269 Cap.
997 1185 1042 1246 ll.
1059 1182 1091 1263 ξ.
1106 1201 1137 1248 2.

197 1286 230 1348 6.
245 1287 288 1349 A.
310 1292 498 1371 πανηγιριιιεῖιν
517 1285 618 1370 λήρων]
644 1287 842 1376 Panegyricae
861 1309 954 1371 παρα
973 1284 1187 1371 fignifieantur

155 1385 322 1471 rhetorica
344 1385 552 1451 institutiones
572 1408 630 1465 eae,
646 1387 761 1473 quibus
782 1388 938 1473 proposita
959 1387 1002 1452 est
1020 1408 1095 1450 cum
1118 1384 1206 1449 elo·'

155 1483 293 1569 quentiae
308 1483 405 1549 civilis
419 1506 456 1548 ea
476 1507 560 1572 para,
575 1508 647 1572 quae
668 1488 709 1551 ad
728 1486 920 1551 concionem
936 1501 970 1550 et
983 1485 1108 1571 plebem
1124 1482 1185 1548 du·

153 1585 288 1650 cendam
303 1586 451 1672 pertinet,
466 1601 537 1651 tum
551 1587 648 1652 etiam
664 1579 834 1674 sophistica
851 1587 1010 1651 orationes
1024 1609 1062 1650 ac
1075 1584 1184 1649 decla·

153 1685 309 1755 mationer
330 1686 372 1751 ad
393 1689 634 1753 ostentationem
656 1686 822 1753 habendae.
869 1687 957 1751 Hinc
973 1709 1030 1773 per
1044 1685 1185 1750 tralatio-

154 1808 228 1850 nem
241 1789 423 1875 πανηγυρικὸν
437 1786 553 1853 dicitur
568 1789 600 1852 in
620 1788 736 1853 malam
751 1800 885 1875 partem,
901 1786 1059 1873 quidquid
1082 1785 1185 1850 collu-

153 1883 246 1952 vione
264 1888 437 1952 multarum
455 1889 672 1975 variarumque
691 1887 829 1975 partium
845 1886 995 1965 constitit,
1019 1886 1097 1951 item
1122 1888 1185 1949 llu-

153 1988 245 2054 dium
266 1990 413 2077 placendi
434 2006 467 2055 et
492 1991 678 2056 inserviendi
696 1989 905 2055 concionibus
928 1988 1135 2074 popularibus
1155 2002 1190 2052 et

154 2089 348 2176 pervulgatis
363 2090 459 2156 seculi
472 2089 626 2154 moribus.
669 2090 721 2155 Sic
739 2089 926 2154 Plutarchus
941 2089 1025 2174 Opp.
1043 2089 1131 2151 Mor.
1155 2109 1187 2174 p.

146 2210 209 2273 ’2,2.
223 2192 269 2257 A.
292 2190 445 2257 dissuadet
458 2191 492 2256 in
515 2191 657 2256 oratione
677 2213 714 2255 ac
734 2190 945 2276 disputatione
962 2194 1000 2252 rol
1019 2193 1124 2274 ἀνθηρὰ
1145 2176 1191 2266 καὶ

151 2297 272 2381 τροφιρά
285 2302 339 2358 τῶν
351 2295 499 2376 ὀνομάτων,
513 2291 559 2376 καὶ
571 2302 625 2359 τοῖιν
637 2294 821 2382 πραγμάτων
835 2298 873 2356 τοὶ
886 2295 1044 2380 δραματικὰ
1058 2293 1080 2379 'lt
1093 2318 1188 2370 πανη-

154 2399 270 2486 γορικά.
303 2421 336 2484 p.
352 2401 406 2484 63.
423 2399 463 2464 C.
479 2397 651 2462 adulatoris
666 2397 699 2461 in
716 2393 916 2462 conferendis
932 2393 1042 2459 officiis
1057 2395 1088 2457 τὸ
1102 2421 1189 2471 ram·

156 2501 328 2588 γορικδνκοδ
342 2501 525 2566 δτιδιοκτικάν.
558 2502 641 2564 Item
663 2522 697 2586 p.
712 2516 764 2583 71.
778 2499 830 2562 A:
855 2495 1106 2570 admonitionem
1122 2496 1190 2561 vult

158 2603 219 2668 effe
237 2608 275 2687 pri
290 2608 485 2690 πανηγυρικὴν,
507 2605 568 2684 μηδ’
590 2605 777 2680 ἐπιδεικτικὴν,
798 2603 864 2683 μηδδ
881 2602 1021 2690 μάρτυρας
1042 2603 1063 2688 ιζ,
1086 2602 1189 2676 θοάτας
1245 2632 1246 2636 ’

157 2705 333 2790 οννάγιοοαν.
364 2721 416 2791 79.
432 2706 470 2775 Β.
495 2703 548 2767 80.
564 2705 609 2768 E:
632 2706 664 2766 τδ
682 2705 810 2790 χρειῶδες
826 2709 862 2766 τῦ
883 2710 1067 2791 πανηγυρικέ,
1090 2702 1135 2784 καὶ
1153 2710 1189 2768 τὲ

157 2808 221 2894 πρδς
234 2807 355 2884 hilario
367 2805 450 2870 πλέον
464 2803 545 2878 ἶνις-ιν
562 2810 659 2879 αὐταῖς
671 2807 702 2868 ri
716 2807 779 2892 πρδς
793 2807 935 2882 οἰλῆδειαν.
963 2825 1038 2891 395.
1053 2809 1091 2870 Β.
1118 2814 1188 2888 142.

156 2913 201 2975 B:
223 2911 253 2974 τδ
267 2913 400 2997 ἑταιρικὸν
413 2912 434 2997 ιζ,
448 2910 640 2997 πανηγυρικόν.
672 2929 724 2996 29.
736 2909 775 2973 C.
789 2911 969 2996 πανηγυρικὸς
982 2909 1090 2990 μάντις.
1114 2912 1189 2995 663.

123 3075 126 3077 ,
157 3012 197 3075 Β.
221 3026 294 3094 777.
311 3013 353 3075 E:
378 3012 438 3074 άντδ
451 3018 497 3088 τῆς
513 3009 605 3092 φιλίας
619 3009 726 3074 εἴδωλον
739 3012 880 3087 άτατηλδν
894 3009 1129 3096 κοδπανηγνρικδν
1144 3010 1188 3076 nul

156 3109 355 3198 τεριφορδμονοιι
368 3109 604 3193 uoluptatium.
628 3111 702 3197 989.
715 3113 758 3175 E:
782 3110 892 3175 vestitu
906 3119 1094 3196 πανηγυρικῶς
1108 3138 1189 3174 κεκο-

159 3210 305 3292 ιιμημάνον.
338 3211 475 3277 Lucullo
497 3232 528 3297 p.
543 3227 619 3298 495.
636 3211 681 3275 C:
705 3212 815 3295 γυναικὶ
830 3208 938 3297 οοάαρᾴ
951 3209 996 3290 καὶ
1009 3208 1178 3296 πανηγυρικῇ

160 3313 204 3374 od
213 3308 330 3396 fastum
344 3326 371 3375 et
384 3313 598 3398 <firmationem
617 3312 744 3401 proclivi
763 3312 892 3375 mulieri.
930 3312 979 3374 Ib.
1002 3333 1035 3396 p.
1049 3313 1125 3395 496.
1139 3315 1189 3378 A:

161 3411 347 3498 Μιθριδάτης,
369 3411 457 3502 ὥσπερ
478 3419 501 3476 οἱ
520 3415 618 3476 πολλοὶ
639 3422 693 3476 τῶν
711 3419 840 3492 σοφιςὸιν,
858 3410 998 3492 κομπώδης
1012 3415 1038 3474 ἐν
1051 3414 1127 3499 ἀρχῇ
1146 3411 1192 3494 καὶ

159 3510 276 3599 σοέαρδς
291 3513 332 3575 inl
346 3515 483 3597 Ῥωμαίοις
496 3518 602 3587 άναςοδς
619 3513 730 3598 διακένῳ
750 3511 869 3592 δυνάμει,
887 3517 1005 3599 λαμπρᾷ
1018 3512 1044 3574 δὲ
1059 3514 1079 3600 ’l
1094 3540 1189 3594 πανη-

158 3621 258 3700 γνρικῇ
278 3618 326 3692 τὴν
347 3614 420 3692 oilae.
457 3615 552 3680 Nicia
570 3637 604 3701 p.
619 3629 695 3699 525.
713 3614 758 3679 C:
786 3614 850 3704 τρδς
870 3613 947 3691 δόξαν
967 3612 1013 3694 κα)
1034 3616 1191 3699 φιλοτιμίαν

151 3723 341 3806 ,πανηγυρικὴν
355 3718 401 3799 καὶ
414 3723 555 3806 ἀγοραῖον.
750 3800 755 3807 ,

202 3823 234 3885 6.
247 3823 286 3886 Β.
309 3825 364 3895 τοῖς
377 3826 489 3895 πολλοῖς
502 3819 637 3907 ἀρέσκον]
656 3818 886 3885 Demosthenes
899 3840 950 3905 ap.
961 3821 1051 3885 Stob.
1064 3842 1097 3906 p.
1108 3841 1187 3908 303:

159 3922 324 4004 Δημοθίνης
348 3921 416 4001 εἶπε,
440 3922 555 3985 πάντων
583 3922 622 3994 ἑςδ
650 3920 829 4007 δοχερέςατον
853 3923 885 3982 ri
907 3924 1026 3995 πολλοῖς
1054 3919 1187 4007 ἀρέσκειν.

158 4029 309 4091 Sumtum
332 4049 372 4090 ex
393 4025 529 4113 Epistola
544 4028 605 4090 Ill.
630 4048 661 4111 p.
678 4027 749 4089 116.
764 4027 815 4089 A:
840 4026 935 4106 τὸμὲν
952 4030 1010 4111 γὰρ
1026 4031 1109 4087 πᾶσιν
1123 4026 1188 4114 ἄρα’·

158 4151 233 4190 εκειν
246 4128 292 4189 τὸν
305 4124 514 4208 σομὲνλοῦοντα
527 4126 573 4206 καὶ
586 4131 624 4188 τά
637 4131 713 4190 κοιναὶ
725 4126 893 4213 πράτῖοντα,
908 4124 1047 4203 ἀδύνατον.
1080 4124 1189 4190 Simile

159 4228 330 4316 Chrysippi
351 4252 402 4326 ap.
420 4231 511 4297 Stob.
533 4232 566 4317 9.
581 4249 667 4314 304:
692 4229 850 4317 Χρύσιππος
870 4225 1019 4321 ἐρωτηθεὶς,
1039 4231 1096 4291 Διὰ
1114 4227 1145 4292 τί
1160 4231 1189 4289 οὗ

666 4350 688 4392 ιι
704 4350 726 4410 4
