2684 4762
215 313 277 373 n·
360 246 463 366 riu.
484 304 693 375 amitant.
711 304 760 373 tu
780 303 1010 374 tttrrattcut
1030 305 1105 371 un.
1210 253 1216 262 ⁸

215 467 273 539 ric.
297 470 424 557 Fragm.
446 491 480 557 p.
491 470 567 555 376.
603 467 732 541 tentus
746 489 777 555 p·
796 488 866 554 132.
895 467 1076 539 Brunckiua
1097 465 1248 535 Anake.

215 588 315 653 pu·
350 571 402 639 De
419 569 632 658 hujuepoetae
647 572 739 639 rebus
753 584 787 635 ot
806 569 927 658 scriptis
947 572 1027 637 bene
1050 569 1145 637 multi
1168 589 1249 655 ege-

215 684 311 734 runt:
333 684 379 750 et,
402 685 440 736 ut
454 671 573 758 priores
594 685 767 752 taceamus,
788 670 944 759 inprimis
963 671 1160 737 memorandi
1175 672 1250 741 sunt

214 774 252 845 P.
277 774 406 860 Baylius
434 773 610 840 Ditlionar.
640 774 721 842 Hit.
755 774 836 841 Crit.
866 774 897 839 iu
927 796 1003 838 voce
1029 772 1250 841 Archilochus.-

214 876 246 951 J.
261 877 303 941 A.
324 875 483 941 Fabricius
504 875 588 943 Bibl.
616 879 673 942 Gr.
696 877 771 945 Vol.
788 878 815 940 I.
839 899 871 962 p.
887 893 972 960 572:
1003 890 1036 941 et
1057 876 1124 962 post
1145 875 1248 947 etiam

214 976 297 1056 illos,
313 976 369 1041 viri
384 976 470 1042 dotti
484 991 547 1045 tres
565 976 598 1041 in
616 976 784 1045 Memoriia
798 976 981 1042 Academiae
998 975 1141 1062 inscript.
1158 977 1248 1042 Pari·

212 1078 335 1160 fient„
372 1078 522 1167 Souchay
543 1078 620 1145 Vol.
634 1079 712 1143 Vll.
742 1099 776 1164 p.
798 1093 874 1163 353.
898 1079 960 1164 seq.
998 1078 1090 1143 Sevin
1110 1077 1186 1143 Vol.
1202 1081 1248 1144 X.

212 1198 248 1269 p.
263 1181 317 1267 36.
333 1180 395 1265 seq.
432 1180 565 1245 Buretto
586 1178 619 1242 in
639 1177 723 1242 notis
742 1177 784 1242 ad
798 1178 914 1244 librum
930 1176 1089 1244 Plutarchi
1104 1177 1144 1242 de
1164 1180 1248 1247 Mu·

214 1277 275 1349 fi'ca
294 1278 428 1353 Votx.
454 1299 488 1365 p.
512 1296 585 1364 239.
607 1290 641 1341 et
663 1276 727 1363 seq.
769 1278 813 1342 Et
833 1290 940 1345 tamen
961 1275 1068 1344 adhuc
1092 1277 1250 1343 miramur
1303 1304 1307 1310 ·

212 1401 289 1451 oum
305 1378 499 1455 Ruhnkenio
521 1378 636 1458 nostro,
659 1375 805 1443 nondum
827 1378 991 1444 inventum
1013 1379 1086 1459 elie,
1104 1379 1160 1466 qui
1175 1378 1248 1467 ejus

211 1479 401 1566 fragmentis
428 1478 569 1566 undique
594 1477 737 1547 collectis
759 1499 890 1566 operam
919 1494 1066 1546 navaret:
1095 1478 1137 1545 ad
1157 1481 1248 1548 vell.

215 1581 339 1652 Patere.
358 1581 383 1644 1.
396 1600 430 1665 5.
447 1599 478 1651 a.
924 1625 935 1652 ,-

257 1700 309 1767 23.
323 1681 361 1746 B.
392 1686 429 1746 El
451 1678 523 1747 aava
544 1685 720 1769 κιφαλὲμ]
750 1684 833 1755 Item
854 1706 893 1749 ex
914 1683 975 1751 hac
997 1705 1062 1753 una
1084 1683 1247 1756 Plutarchi

211 1783 378 1853 mentione
391 1783 571 1871 cognitum,
587 1798 621 1857 ot
640 1782 673 1848 in
690 1783 878 1853 Archilochi
893 1787 1085 1872 Fragmenta
1105 1784 1246 1858 relatum

211 1884 378 1976 Brunckio
405 1885 552 1951 Amen.
576 1907 609 1971 p.
622 1904 678 1966 41.
702 1884 757 1971 qui
784 1887 965 1968 ἄμφεπολῆθη
987 1885 1075 1953 dedit
1096 1910 1137 1951 ex
1158 1888 1246 1955 Gm-

210 1982 298 2053 tiana
316 1985 413 2074 hujus
434 1986 533 2054 libelli
555 1986 707 2066 editione,
731 2009 828 2073 quam
853 1986 931 2053 item
955 1987 1143 2075 expresserat
1167 1990 1246 2055 Pot-

211 2102 309 2157 terus.
344 2088 451 2157 Nostri
471 2087 598 2157 oudinet
615 2101 649 2157 et
668 2087 826 2155 editiones
847 2103 972 2154 caetorae
989 2089 1195 2157 consentiunt
1211 2091 1245 2161 iu

201 2192 395 2275 Δμφηονήθη.
442 2193 536 2265 Forte
557 2189 673 2262 Grotio
701 2189 846 2257 mutandi
869 2190 973 2255 causs'a
996 2191 1060 2259 fuit
1084 2191 1247 2262 dubitatio

209 2293 258 2359 Η.
279 2290 434 2377 Stephani
447 2290 542 2357 Thes.
560 2291 599 2361 L.
614 2291 674 2355 Gr.
688 2286 728 2353 T.
745 2291 807 2357 111.
830 2312 864 2377 p.
881 2308 953 2354 222.
970 2289 1038 2357 haec
1058 2290 1245 2358 scribentis:

209 2386 237 2443 'l‘
251 2392 429 2479 Exponitur
446 2393 545 2463 etiam
559 2391 699 2478 Adsunt,
717 2393 908 2480 assertorque
922 2416 960 2459 ex
976 2393 1147 2463 Plutarcho
1163 2398 1245 2477 cipp·

210 2499 236 2543 t‘
251 2494 376 2573 πονὶῥη,
403 2515 463 2580 pro
488 2493 659 2581 Consttafit,
683 2493 829 2583 Depnslus
855 2493 903 2580 est.
947 2495 1016 2582 Qui
1038 2493 1135 2582 hujus
1157 2497 1246 2563 verbi

212 2601 239 2637 “
253 2596 327 2663 usus
346 2594 425 2665 mihi
447 2593 537 2663 valde
561 2595 698 2663 insolens
720 2596 879 2663 videtur.'’
912 2598 989 2663 Nou
1012 2596 1092 2664 atius
1111 2595 1168 2665 niu
1189 2597 1245 2665 hic

210 2696 373 2765 Plutarchi
394 2697 559 2778 locaret,
579 2719 675 2784 quem
697 2698 798 2765 voluit
818 2699 951 2784 ignotus
972 2697 1024 2765 ille
1040 2721 1060 2766 a
1078 2697 1247 2785 Stephano

208 2799 402 2887 fignificatus
425 2799 533 2867 [arici
551 2799 701 2885 scriptor:
725 2823 821 2887 quem
844 2801 951 2866 locum
975 2802 996 2866 fi
1017 2800 1082 2890 ipse
1102 2802 1243 2889 Stepha-

208 2925 272 2975 nus
286 2901 319 2966 in
336 2902 498 2973 Plutarchi
510 2914 664 2969 contextu
674 2902 807 2989 legisset,
822 2903 866 2969 nil
881 2903 1244 2990 prosetiodubitationia

206 3003 420 3089 concepiffet:
446 3004 489 3068 est
508 3002 594 3073 enim
613 3003 796 3090 consumendi
817 3004 1043 3093 depastendique
1066 3005 1157 3072 notio
1178 3005 1244 3074 hoc

205 3103 282 3181 loco
307 3129 372 3172 non
395 3105 448 3179 nih
471 3103 654 3178 secundaria
677 3117 711 3171 et
736 3102 890 3170 adscititia
913 3107 954 3170 ab
977 3106 1056 3192 ignis
1080 3105 1243 3175 efficacia:

207 3207 357 3295 princeps
374 3221 410 3274 et
431 3206 558 3292 propria
576 3207 619 3271 est
640 3205 779 3286 curandi,
801 3209 995 3293 conponendi,
1013 3221 1051 3272 ut
1065 3214 1244 3291 ἄμφπωὸη

207 3309 295 3396 apud
313 3310 496 3379 Homerum
512 3307 601 3375 iliad.
615 3313 655 3372 Ψ.
671 3307 745 3372 681.
774 3305 882 3393 odyss.
896 3314 935 3370 t.
948 3326 1023 3393 307.
1066 3308 1243 3388 Caetenun,

205 3423 388 3497 poetarum,
405 3431 542 3497 quorum
560 3407 692 3495 quidem
714 3406 855 3494 reliquia
873 3408 1005 3486 exstant,
1024 3409 1244 3477 Archilochus

205 3509 437 3597 autiquiffimus
458 3511 514 3590 est,
528 3509 585 3597 qui
605 3509 685 3578 alios
707 3508 817 3589 etiam,
836 3532 933 3596 quam
953 3512 1176 3590 Harmatos,
1192 3513 1242 3579 fe·

207 3611 288 3678 cerit
303 3611 419 3691 uersus,
434 3610 798 3697 Elegiacos,1ambicos,
813 3611 1016 3689 Trochaitos,
1032 3611 1127 3681 alios:
1152 3615 1241 3684 lam·

203 3709 272 3787 hici
292 3710 421 3797 quidem
441 3709 607 3786 cotnmuni
620 3710 819 3797 antiquitatis
840 3710 990 3796 opinione
1013 3710 1159 3781 intentor
1180 3712 1240 3778 ha-

204 3810 300 3879 betur
306 3836 317 3892 3
340 3831 441 3897 equa
461 3808 553 3872 fluxit
574 3807 654 3873 illud
676 3808 803 3873 Horatii
824 3812 896 3873 Art.
919 3811 1006 3874 Poet.
1021 3826 1076 3896 79.
1095 3811 1241 3879 Archilo-

201 3915 291 3989 ῥεια
314 3912 433 4002 proprio
455 3910 553 3976 rabies
573 3910 706 3978 arnovi!
728 3911 835 3978 iambo.
879 3910 1029 3998 Elegiaca
1051 3913 1124 3986 suot
1146 3936 1240 3983 com·

200 4017 297 4105 plura
320 4015 355 4081 iu
376 4014 443 4102 ejus
464 4013 675 4107 fragmentis3
709 4036 775 4100 quo
802 4014 905 4100 magis
930 4038 1017 4083 error
1040 4017 1242 4086 convincitur

201 4141 329 4198 eorum,
344 4117 399 4203 qui
417 4116 653 4187 Miunennum
672 4113 769 4201 hujus
790 4114 916 4201 generis
939 4116 1136 4187 inventorem
1158 4119 1239 4189 faci.

200 4236 278 4319 mn,
292 4219 410 4306 quippe
425 4214 608 4313 quamsatia
628 4215 755 4289 constat,
770 4215 884 4303 uiginti
904 4217 1149 4305 olympiadum
1169 4219 1241 4306 pust
