2684 4762
224 313 283 363 202
363 302 402 363 D.
417 304 467 360 W.
489 303 697 361 nutamus.
719 303 765 361 ΙΝ
787 303 1017 362 PLUTAllClll
1039 303 1114 360 LlB.

223 471 249 506 “
263 464 306 528 οὗν
319 463 387 544 αὔτη
401 467 474 552 πρὸς
487 469 534 543 τὴν
550 464 741 552 Παρμένοντος
749 469 775 547 ;”
797 473 948 549 οννοιφέινσς
961 469 995 530 τὸ
1009 466 1155 549 δελφάκιον
1172 470 1207 540 οἷς
1226 470 1259 530 sl

223 568 318 650 μέσον,
334 570 521 655 ἐξελέγχοντα
533 575 580 644 τῆς
601 570 712 656 κρίσεως
732 572 763 633 τὸ
781 571 853 657 πρὸς
872 569 963 647 δόξαν,
981 573 1009 632 οὐ
1023 570 1095 655 πρὸς
1113 570 1256 647 ἀλήθειαν.

223 673 286 735 Res
309 670 537 756 proverbialem
560 670 652 734 uada
674 669 905 749 celebritatem,
929 669 962 733 in
983 669 1099 734 labulae
1119 669 1257 733 sormam

222 769 348 834 redacta
369 794 389 834 a
412 772 558 851 Phaedr0,
580 772 696 836 omiffis
719 773 924 858 personarum
945 771 1141 849 nominibus,
1162 772 1260 836 exstat

222 874 264 937 V.
278 893 312 956 5.
335 873 390 937 ubi
413 888 446 937 et
468 874 643 939 Nercletus
664 875 752 939 hunc
775 874 950 953 Plutarchi,
968 889 1002 937 ct
1026 872 1259 948 Freinssremius

222 973 315 1038 illum
331 975 425 1060 supra
438 977 616 1062 appositum
633 976 772 1041 Platonis
790 976 900 1040 locum
920 975 1042 1042 adfert:
1066 974 1109 1039 est
1124 987 1159 1039 et
1173 974 1262 1060 apud

222 1077 387 1143 Erasmum
410 1077 517 1165 Adag.
545 1101 577 1164 p.
592 1096 667 1164 473.
706 1080 860 1142 Parmeno
882 1075 1048 1141 comoedus
1069 1076 1132 1140 fuit
1150 1076 1259 1141 Athe-

222 1178 273 1244 nis
288 1193 382 1244 aetate
395 1181 635 1245 Demosthenis:
659 1179 807 1244 meminit
825 1179 894 1267 ejus
914 1178 1083 1244 AEschines
1104 1180 1162 1244 Or.
1179 1202 1258 1244 con-

204 1356 206 1360 ,
222 1296 275 1346 tra
288 1281 496 1345 Timarchum
512 1305 545 1366 p.
559 1283 631 1363 284.
642 1283 694 1346 D:
718 1280 807 1368 πρῴην
821 1286 847 1345 ἐν
860 1286 916 1355 τοῖς
929 1283 991 1344 κατ’
1006 1278 1095 1366 clypeis
1110 1281 1261 1355 Διονυσίοις

222 1387 357 1469 κωμῳδῶν
377 1383 456 1446 ὄντοιν
474 1389 500 1446 ἓν
519 1378 659 1470 Κολοτῖῷ,
675 1383 722 1464 soi
735 1383 925 1471 Παρμένοντος
941 1388 977 1445 τῦ
997 1388 1106 1464 κωμικΐι
1128 1387 1261 1469 hanapia?

222 1485 337 1560 εἰπόντος
359 1511 386 1547 τι
408 1488 481 1572 πρὸς
501 1488 547 1549 τὸν
565 1489 651 1572 χορὸν
671 1487 876 1559 aseremoth.
909 1487 956 1550 ita
979 1485 1066 1552 enlm
1091 1486 1260 1551 certiffima

203 1654 207 1659 ,
222 1585 419 1650 correctione
433 1607 492 1671 pro
507 1586 697 1672 παραμένονῖος
712 1587 848 1652 restituit
862 1588 954 1653 Hier.
966 1587 1118 1654 Wolfius.
1157 1589 1258 1655 Eum·

179 1712 188 1725 ’
222 1685 298 1750 dem
312 1687 373 1753 alia
387 1687 420 1751 in
435 1688 538 1753 caussa
549 1703 708 1754 memorat
719 1689 905 1755 Aristoteles
919 1689 1078 1755 Problem.
1088 1690 1202 1753 XXII.
1210 1709 1243 1773 3.

268 1790 319 1856 18.
332 1790 375 1856 C.
398 1789 445 1872 ιοοι)
460 1791 600 1879 Θεόδωρος
617 1797 669 1866 τοὶς
689 1792 851 1880 τροχιλίας]
875 1792 1004 1858 Nobilis
1024 1792 1189 1879 tragoedus
1204 1814 1256 1856 ea·

222 1893 296 1958 dem
326 1893 392 1959 fere
419 1905 532 1959 aetate:
561 1894 603 1959 de
626 1916 692 1980 quo
716 1893 849 1960 subinde
876 1894 1026 1958 meminit
1055 1894 1258 1973 Plutarchus,

223 1995 314 2083 cujus
335 1996 425 2062 locos
439 1996 561 2062 notavit
578 1997 761 2063 Perizonius
776 1997 817 2061 ad
831 1997 951 2063 AElian.
966 1999 1008 2062 V.
1026 1998 1070 2061 H.
1086 1998 1180 2061 XIV.
1193 2019 1257 2077 40:

221 2101 278 2165 nbi
302 2100 389 2188 quod
415 2101 605 2166 'lheodorus
631 2112 717 2188 poeta
743 2099 903 2187 tragoedia
928 2115 1072 2178 vocatur,
1101 2121 1191 2164 error
1216 2100 1259 2164 est

221 2203 352 2268 AEliani.
387 2204 474 2267 Nam
487 2201 622 2288 antiqui,
636 2203 692 2289 qui
706 2202 835 2288 quidem
850 2200 985 2289 alicujus
1007 2201 1066 2265 srnt
1083 2201 1256 2267 auetorita-

219 2306 373 2384 tis,eu1n
398 2303 562 2389 assaonem
588 2304 734 2391 tragicam
758 2304 945 2391 perhibent:
975 2326 1115 2392 quorum
1136 2305 1219 2373 locis
1239 2329 1259 2368 a

222 2404 389 2470 Perizonio
410 2403 513 2468 allatis
532 2403 667 2471 addatur
687 2405 909 2471 Demosthenis
932 2407 1024 2471 Orat.
1047 2429 1106 2493 pro
1127 2407 1257 2475 Corona

221 2527 256 2591 p.
265 2509 340 2589 476.
356 2507 405 2569 A:
429 2519 462 2568 et
475 2504 653 2571 Aristotelis
669 2505 831 2572 Rhetoric.
849 2509 910 2572 ΙΙΙ.
928 2527 958 2576 2.
995 2511 1038 2573 Et
1051 2507 1139 2595 quod
1152 2525 1257 2596 poctae

220 2608 292 2673 suas
313 2607 367 2693 ipsi
391 2605 563 2692 tragoedias
584 2623 734 2693 egerunt,
757 2609 820 2673 hoc
839 2632 904 2673 non
925 2632 965 2674 eo
987 2609 1081 2690 valet,
1103 2625 1142 2674 ut
1158 2633 1256 2698 prop-

220 2723 310 2773 terea
330 2707 520 2773 Theodorus
542 2722 638 2793 poeta
658 2723 836 2774 vocaretur.
880 2713 924 2775 Et
945 2711 965 2774 fi
987 2711 1051 2776 fuit
1070 2725 1169 2799 poeta,
1192 2737 1257 2778 non

187 2882 190 2887 ,
219 2813 361 2895 ὑποκριτὴς
380 2823 565 2872 vocaretur:
592 2809 663 2895 quis
682 2811 767 2874 enim
791 2833 946 2896 umquam
968 2811 1173 2900 AEschylum,
1195 2816 1256 2879 So·

218 2910 384 3000 phoclem,
408 2910 608 2996 Euripidem,
628 2917 769 2999 ύποκριτὴν
787 2917 946 3000 τραγῳδιῶν
960 2914 1093 2993 vocavit,
1112 2915 1191 2981 licet
1203 2917 1257 2981 sua

218 3013 272 3101 ipsi
292 3035 422 3099 quoque
441 3013 567 3099 egerint
588 3012 753 3078 dramata?
781 3015 897 3099 Neque
921 3037 995 3079 vero
1009 3014 1072 3079 fuit
1085 3027 1173 3102 poeta
1188 3027 1255 3080 tra-

191 3167 196 3175 .
215 3116 303 3203 girus
327 3113 380 3178 hic
401 3113 612 3177 Theodorus:
635 3114 755 3200 quippe
774 3114 827 3178 alii
845 3118 1002 3179 Veterum
1018 3114 1083 3180 loci
1103 3138 1168 3181 non
1192 3117 1257 3183 huc

218 3214 336 3291 valent.
381 3212 489 3278 Suldae
511 3212 663 3300 Qeo'lwg&
683 3219 810 3292 ποιητὴς,
830 3213 857 3289 ὃς
877 3214 984 3301 ἔγραψε
998 3215 1114 3304 διάφοροι
1128 3219 1159 3278 δι’
1175 3221 1254 3296 ἐπῶν,

218 3314 266 3396 xa)
280 3319 315 3390 εἰς
335 3316 521 3402 Κλεοπάτραν
534 3316 564 3377 δι’
580 3319 660 3394 ὀπῶν,
674 3314 817 3400 prolecto
839 3330 872 3380 et
894 3330 989 3380 aetate
1011 3331 1045 3381 et
1060 3331 1254 3404 argumento

218 3418 358 3482 diversus
374 3418 432 3493 est.
469 3417 650 3505 Hesychius
664 3439 734 3481 roc.
748 3416 935 3495 Πελιθόέαψ.
968 3419 1110 3507 Θεόδωρος
1125 3425 1139 3482 ὀ
1153 3426 1253 3503 Κριμι-

216 3521 264 3592 ιοός
279 3525 292 3580 ὁ
311 3522 452 3605 ὑποκριτὴς
467 3517 535 3592 ἔτνος
550 3524 721 3599 ἐπεκαλεῖτο,
734 3520 803 3594 τινὲς
822 3522 848 3583 δὲ
866 3524 975 3599 ποιητὴν
988 3521 1069 3585 αὐτόν
1083 3540 1152 3605 φασι
1165 3547 1254 3608 γεγο-

219 3620 304 3698 νένοιι
328 3620 469 3705 primum
484 3620 695 3707 interpolatus
708 3622 751 3685 est
765 3622 798 3686 in
813 3622 868 3686 illo
883 3629 896 3685 ὁ
911 3625 1053 3705 Κοιμικὸς,
1069 3624 1158 3710 quod
1171 3625 1254 3690 reete

217 3721 391 3787 delendum
407 3720 564 3809 judicarit
580 3722 782 3788 Perizonius:
806 3723 922 3789 deinde
936 3725 971 3788 hi
985 3724 1093 3813 aliqui,
1107 3726 1165 3812 qui
1179 3749 1254 3792 curn

216 3840 347 3911 poetam
374 3822 462 3886 fuisse
489 3821 649 3903 dixerunt,
684 3848 748 3889 non
778 3825 971 3890 addiderunt
1001 3825 1094 3914 cujus
1127 3829 1254 3915 generis

217 3944 313 4015 poeta
328 3924 442 4004 fuerit3
459 3938 496 3987 ut
510 3947 585 3988 eum
599 3946 673 3989 cum
689 3925 758 3990 aliis
770 3927 948 3992 Theodoris
961 3927 1065 4015 poetis
1078 3930 1253 3999 confuditse

216 4027 395 4091 videantur.
445 4024 610 4109 Diogenes
638 4027 744 4090 laert.
774 4026 819 4088 ΙΙ.
847 4047 918 4107 104.
955 4026 1069 4115 viginti
1095 4043 1254 4095 memorat

215 4125 415 4204 Theodoros,
443 4124 476 4188 in
505 4124 555 4188 his
585 4126 777 4212 postremum
806 4128 966 4214 tragicum,
995 4131 1109 4210 εἰκοςός,
1138 4135 1254 4211 ποιητὴς

188 4229 394 4316 Ητραγρδίνςε
419 4249 516 4325 quem
538 4228 579 4294 ab
600 4228 663 4296 hoe
681 4228 829 4295 histrione
844 4229 1000 4297 diverl'um
1014 4231 1086 4314 effe,
1109 4232 1176 4322 ipse
1191 4256 1252 4299 nu·
