2684 4762
437 320 636 388 JUDICIUM
655 325 710 386 DE
729 314 926 386 AUCTORE.
1153 327 1192 386 61

171 475 284 568 libros,
298 489 439 575 quamvis
456 490 497 554 ab
509 489 689 554 audoribus
703 489 848 574 proved'ta
860 488 991 572 scriptos
1005 497 1109 566 atate,
1123 486 1195 573 quie
1293 545 1297 552 .

172 590 262 654 dicat
282 590 432 655 orationis
453 589 712 675 compositionem
733 588 847 653 babere
865 587 1040 653 adstridam
1063 585 1096 650 et
1115 609 1194 652 cone

174 691 297 754 cisami

175 840 178 846 -
219 792 283 857 Sed
304 804 368 878 quo
391 794 494 879 magis
512 793 663 858 orationis
681 790 888 876 diliionisque
906 779 1099 857 Plutarelreae
1120 813 1195 878 ger-'1

145 880 147 884 ’
173 914 281 959 munte
302 907 336 956 et
356 894 470 978 spuriae
492 891 698 957 diversitatem
720 892 790 977 quis
808 891 940 971 sentiat3
961 893 1076 956 habeat
1094 893 1196 978 primo

172 993 376 1057 Plutarcheae
391 992 651 1058 consuetudinem
670 1007 702 1057 et
720 992 977 1070 familiaritatem,
994 992 1196 1056 Plutarcbeo·
1284 1069 1285 1072 Ἴ

175 1118 250 1159 rum
272 1096 429 1159 librorum
447 1095 582 1160 leliione
603 1095 816 1159 contradam:
840 1094 955 1160 deinde
968 1095 1054 1180 legat
1068 1117 1123 1159 eos
1135 1096 1198 1159 hu⁰⁴

170 1194 228 1280 jus
248 1194 347 1258 libelli
367 1194 467 1272 locos,
482 1195 537 1280 qui
554 1195 588 1258 in
604 1195 683 1258 veris
701 1195 859 1258 Plutarchi
875 1194 966 1258 libris·
977 1194 1055 1259 item
1070 1217 1198 1258 norrun⁴

175 1308 230 1359 tur
241 1308 275 1359 et
288 1307 502 1379 exponuntur,
515 1311 548 1357 et
561 1295 709 1380 utrosque
722 1294 857 1358 invicem
869 1309 1046 1380 comparet:
1064 1296 1199 1380 reperiet

177 1394 333 1481 prohelio,
354 1416 408 1458 eos
430 1417 493 1457 non
514 1393 619 1458 minus
638 1395 705 1459 stilo
724 1410 757 1460 et
775 1395 928 1473 oratione,
943 1418 1039 1482 quam
1053 1399 1147 1460 rebus
1166 1411 1200 1460 et

174 1495 322 1572 materia,
336 1517 356 1558 a
368 1495 400 1558 se
413 1495 547 1559 invicem
562 1493 751 1581 discrepare:
776 1495 861 1581 quod
872 1511 1027 1582 quantum
1040 1490 1089 1575 stt,
1104 1498 1197 1582 igni*

176 1594 340 1657 ficavimus
362 1594 447 1658 Seli.
461 1596 505 1658 ll.
522 1595 603 1657 Part.
618 1595 644 1655 Ι.
661 1593 741 1678 Cap.
755 1596 781 1658 Ι.
799 1596 831 1678 §.
846 1613 875 1660 2.
921 1595 1031 1680 Igitur
1046 1595 1196 1660 adhibea-

177 1707 233 1756 tur
246 1691 287 1755 ad
300 1690 397 1778 hujus
409 1691 508 1756 libelli
522 1712 553 1776 p.
570 1712 599 1755 1.
615 1691 655 1756 C.
673 1694 709 1754 de
724 1692 824 1755 Themi
848 1693 914 1756 aclis
924 1692 1009 1778 filio,
1025 1694 1101 1758 Vita
1111 1694 1198 1759 The·
1239 1723 1241 1726 ·

178 1792 259 1856 mist.
284 1813 317 1876 p.
336 1792 469 1859 1280B:
500 1791 618 1855 ibidem
640 1793 684 1856 D.
710 1793 748 1855 dc
769 1793 960 1871 Archidamo,
985 1795 1061 1857 Vita
1081 1796 1197 1880 Agesrl.

178 1914 213 1979 p.
227 1895 302 1978 596.
318 1895 361 1957 F:
384 1892 425 1955 ad
447 1914 478 1976 p.
490 1912 522 1976 3.
536 1894 579 1957 A.
600 1893 636 1954 de
656 1894 801 1979 Lycurgo,
819 1895 1064 1980 Apophtlregm.
1079 1899 1225 1960 Lacon..

179 2015 213 2078 p.
231 2013 303 2076 225.
320 1996 362 2057 F:
386 1993 426 2056 ad
448 2016 480 2078 p.
495 2007 527 2076 5.
544 1996 579 2057 F.
601 1994 636 2054 dc
657 1994 797 2079 Stilpoae,
812 1994 888 2058 Vita
901 1996 1056 2059 Demetrii
1077 2018 1110 2080 p.
1127 1997 1199 2080 893.

176 2093 232 2157 A:
255 2093 297 2157 ad
312 2115 344 2177 p.
354 2093 385 2155 6.
400 2094 440 2156 C.
456 2093 492 2154 dc
506 2092 628 2156 Periclis
643 2116 678 2154 ac
692 2091 888 2176 Demosthenis
906 2095 1036 2156 cautione
1054 2096 1084 2157 in
1095 2096 1201 2178 jubila

171 2193 321 2272 oratione,
344 2194 497 2278 Praecept.
512 2192 603 2276 Reip.
622 2191 770 2276 gerendae
788 2214 821 2276 p.
836 2194 909 2277 803.
925 2196 969 2256 F:
992 2194 1033 2256 ad
1052 2217 1084 2279 p.
1098 2215 1147 2257 10.
1163 2197 1199 2259 It.

180 2297 217 2358 de
235 2295 371 2381 Gylippo,
385 2294 460 2359 Vit.'
469 2293 620 2378 Lysandri
643 2315 675 2377 p.
688 2313 761 2373 442.
778 2295 819 2358 A.
843 2309 877 2358 et
896 2294 1000 2358 Niciae
1021 2317 1053 2380 p.
1062 2312 1138 2378 541.
1154 2299 1199 2360 F:

169 2396 300 2463 ibidem
314 2397 357 2460 D.
381 2396 417 2458 dc
434 2395 568 2478 Archyta
585 2405 613 2456 et
628 2393 754 2458 Platone
768 2395 799 2457 in
813 2395 869 2457 irae
881 2397 991 2481 afflictu
1002 2398 1040 2482 se
1053 2398 1200 2461 coutinen-

180 2497 271 2576 tibus,
293 2497 475 2562 conseratur
496 2517 570 2559 cum
592 2496 668 2559 Sera
688 2498 788 2559 Num.
804 2496 944 2561 Vindiht.
965 2520 996 2583 p.
1011 2513 1086 2582 551.
1102 2501 1145 2577 A,
1162 2501 1199 2564 B.

171 2612 217 2661 -et
236 2596 364 2661 Advers.
387 2595 493 2660 Colot.
519 2617 551 2680 p.
571 2596 662 2658 1108.
683 2597 734 2660 A:
757 2596 797 2660 ad
815 2619 847 2681 p.
864 2617 914 2660 11.
936 2598 979 2660 A.
1002 2599 1036 2660 de
1056 2599 1202 2662 Theocrito

184 2697 270 2776 Chio,
292 2688 491 2790 Sympqstitca
514 2717 548 2780 p.
565 2697 638 2779 633.
661 2696 711 2758 C:
739 2695 831 2782 adp.
855 2717 905 2761 11.
926 2699 965 2760 C.
992 2699 1027 2760 cle
1048 2715 1203 2784 puerorum

171 2821 292 2876 ‚amora
317 2795 505 2861 adhibeatur
530 2795 695 2881 peculiaris
719 2794 799 2859 liber
820 2797 992 2860 Amatorius
1016 2799 1200 2884 inscriptus:

170 2920 217 2985 -p.
238 2917 287 2966 12.
310 2899 352 2960 A.
374 2897 411 2960 de
432 2896 648 2983 adolescentulis
668 2920 724 2958 non
734 2895 803 2980 stuc
821 2896 939 2981 custodis
957 2898 1138 2984 patefaciam
1155 2923 1203 2962 re-

171 2998 365 3087 linquendt't,
387 2997 528 3062 videatur
547 2996 712 3061 exordium
726 2996 797 3061 libri
810 2999 869 3084 arpi
886 3005 921 3060 ri
939 2999 1043 3062 ἀκούειν
1059 3008 1111 3061 τῶν
1125 3015 1203 3080 φιλο·
1288 3031 1290 3036 ·

183 3098 294 3184 σέφωνε
317 3121 350 3184 p.
368 3119 418 3184 13.
433 3102 475 3162 A.
492 3098 529 3160 de
542 3096 756 3176 adulatoribus,
775 3111 973 3184 comparetur
991 3097 1151 3184 singularis
1164 3098 1203 3165 li-

185 3200 245 3264 ber
257 3200 307 3265 De
321 3198 501 3286 discernendo
514 3196 605 3263 amico
621 3207 649 3261 ct
662 3196 827 3262 adulatore.

552 3498 836 3569 .CONCLUSIO.

231 3702 353 3767 Satisne
374 3695 472 3787 igitur
492 3682 780 3779 dembnstravimus,
796 3699 964 3766 istiusmodi
986 3702 1045 3768 esse
1065 3703 1150 3770 hunc
1169 3706 1207 3769 li·

188 3803 334 3884 bellum;
358 3814 406 3881 ut,
428 3803 449 3864 fi
472 3800 504 3864 in
524 3801 609 3864 rebus
633 3801 827 3866 Plutarcheae
848 3803 978 3867 omnino
995 3804 1069 3869 esset
1086 3806 1208 3884 lormae,

177 3904 270 3993 stitus
291 3928 367 3971 eum
388 3904 528 3991 spurium
550 3918 717 3990 argueretr
746 3904 765 3967 si
782 3904 874 3991 stilus
896 3906 971 3969 esset
994 3906 1209 3986 Plutarcheus,

147 4030 288 4077 „rerunt
310 4006 412 4070 sorma
433 4004 587 4071 diversum
611 4004 771 4068 austorem
791 4005 959 4091 proderet?
991 4007 1087 4068 Nunc
1110 4027 1210 4090 quum

189 4120 365 4192 utrumque
386 4120 522 4183 tantum,
538 4118 691 4190 quantum
710 4103 857 4184 vidimus,
878 4106 1045 4173 abhorreat
1064 4105 1104 4168 ab
1118 4105 1210 4192 inge-

175 4207 248 4279 .nio
263 4206 434 4289 Plutarchi,
449 4207 535 4274 hunc
550 4227 590 4271 ne
608 4205 712 4274 adhuc
732 4206 824 4276 istum
840 4206 983 4276 libellum
996 4206 1137 4296 scripsrsse
1151 4231 1210 4295 pu-
