2684 4762
148 341 190 404 ³6
231 337 441 404 ANIMADV.
453 339 504 401 itt
514 339 588 401 mu.
601 337 656 400 DE
668 335 846 399 ΕΠΠΟΔΤ,
859 332 1099 397 introeunt

524 647 725 716 SECTIO
759 647 805 712 11.

382 815 436 874 DE
455 807 725 879 ARGUMENTIS
746 810 949 872 INTERNIS.

407 998 410 1002 ’
554 984 704 1093 ¹inis
740 1028 769 1090 1.

576 1177 628 1240 De
641 1175 753 1243 Rebus.

540 1397 614 1464 CA
625 1399 650 1462 P
662 1398 734 1464 UT
769 1398 799 1461 1.

557 1548 609 1611 De
621 1546 772 1614 Materia.

507 1833 509 1837 ,
629 1765 661 1849 ᾗ.
678 1784 708 1831 i.

382 1908 388 1917 ⁸
471 1916 522 1980 De
534 1914 687 1996 Materia,
703 1935 772 2007 qua
785 1907 869 2000 deest.

196 2121 289 2188 JAM
309 2119 449 2210 primum
469 2119 674 2209 reperiemus,
691 2117 810 2184 multer
830 2114 864 2181 in
881 2115 944 2181 hoc
958 2109 1067 2180 libello
1080 2106 1182 2178 mite·

155 2222 209 2288 iiae
229 2236 334 2309 partes
356 2223 481 2288 omissae
502 2222 575 2301 effe,
596 2243 668 2308 quie
689 2218 798 2285 omitti
819 2240 879 2283 nec
900 2227 1050 2304 poterunt
1067 2237 1089 2279 a
1110 2213 1184 2279 Plu·

153 2320 259 2386 tarchi
271 2318 438 2406 diligentia
451 2342 489 2385 ac
502 2319 658 2399 detinni,
673 2339 733 2383 nec
755 2317 914 2383 debebant
935 2329 1066 2403 propter
1086 2313 1185 2401 ipsam

154 2418 338 2507 argumenti
358 2419 400 2484 de
420 2418 618 2485 Educatione
634 2432 788 2486 naturam.
800 2439 838 2483 ac
854 2415 1079 2488 neceffintem.
1114 2416 1184 2480 Ha·

153 2542 228 2587 rum
251 2519 401 2608 deinceps
426 2519 601 2608 precipuas
627 2519 759 2608 quidem
786 2518 1002 2585 recenseamus
1013 2540 1026 2598 ς
1056 2513 1186 2606 quando

154 2643 268 2687 omnen
281 2641 467 2686 enumerare
480 2619 641 2686 infinitum
654 2621 709 2688 est.

199 2727 228 2790 1.
259 2724 391 2790 Constet
411 2724 495 2790 inter
511 2746 635 2806 omnes,
649 2747 747 2812 quani
759 2724 824 2789 late
837 2720 975 2812 patuerit
987 2719 1075 2809 apud
1087 2718 1186 2787 Anti·

154 2846 237 2914 quoi
249 2825 340 2892 locus
353 2825 395 2891 de
415 2824 614 2891 Educatione
627 2848 810 2913 puerorum,
824 2838 944 2913 quanta
957 2845 1033 2889 euin
1047 2822 1187 2911 diligen·

155 2926 201 2993 tia
212 2941 246 2993 et
258 2951 335 2995 cura
349 2927 501 2994 imitatus
515 2927 551 2993 sit
567 2950 642 2993 cum
655 2949 676 2992 i
688 2926 933 3015 Iegissatoribus
948 2939 1019 2992 tum
1033 2947 1053 2990 e
1077 2924 1187 2991 Philo-

156 3029 275 3119 sophii.
319 3026 471 3097 Sit'mihi
495 3028 608 3117 aliquis
630 3031 768 3096 versatus
789 3029 823 3094 in
848 3028 986 3094 lenione
1011 3026 1186 3107 Plunrchi,

154 3144 265 3200 teneat
282 3131 352 3221 ejus
369 3132 507 3197 formam
524 3143 560 3196 et
576 3129 851 3210 consuetudinem,
874 3128 989 3217 legerit
1009 3149 1048 3194 ea
1065 3151 1140 3217 quie
1160 3128 1188 3194 ii

153 3235 196 3301 de
209 3233 409 3301 Educatione
420 3231 544 3320 spurfim
558 3230 699 3297 disseruit
710 3230 779 3297 aliii
791 3230 825 3296 in
838 3230 945 3298 libris:
968 3230 1084 3319 legerit
1100 3230 1188 3298 idem

66 3334 70 3339 ’
155 3340 198 3405 de
211 3341 275 3406 hoc
288 3350 479 3428 argumento
492 3360 564 3426 quie
585 3336 678 3403 nobie
697 3335 858 3425 precipua
871 3336 989 3402 servata
1001 3336 1076 3402 sunt
1088 3335 1187 3403 Anti·

154 3461 292 3528 quorum
314 3453 486 3530 praecepta,
507 3441 647 3507 Platonis
664 3442 789 3528 Legum
806 3441 884 3506 Vll.
909 3451 980 3506 toto
1000 3437 1095 3519 libro,
1118 3437 1189 3504 aiiii

155 3539 284 3627 partini,
298 3544 393 3607 VIII.
408 3545 437 3607 1.
452 3546 497 3607 II.
519 3543 712 3631 Reipubliere
728 3540 1188 3630 11.111.Xen0pt0ntis-cyro·

69 3726 72 3731 Ι
155 3639 260 3730 predia
276 3653 313 3725 et
334 3643 509 3730 Republica
528 3642 858 3725 lacedemoniorum,
878 3643 1045 3730 Arssotelir
1063 3642 1189 3708 Politie.

156 3743 613 3832 V11.etv111.·9uin6titiini
628 3745 729 3810 instit.
742 3745 833 3810 Orat.
842 3746 869 3810 1.
879 3758 913 3811 et
928 3747 979 3812 112
1002 3757 1073 3811 tum
1087 3745 1120 3812 se
1133 3743 1190 3810 det

155 3845 198 3913 ud
211 3846 299 3912 hunc
311 3845 486 3934 legendum
500 3846 655 3913 libellum.
699 3848 761 3912 Nae
777 3847 804 3911 is
817 3846 905 3912 haud
918 3848 1007 3914 secui
1020 3846 1190 3934 repentino

120 3955 124 3962 ’
154 3946 338 4015 diversitatis
351 3969 389 4013 nc
402 3946 550 4013 novitatis
564 3949 653 4014 sensu
665 3947 871 4034 percutiatur,
886 3970 982 4036 quum
996 3946 1052 4035 qui
1065 3968 1085 4014 e
1098 3947 1190 4015 culto

155 4062 192 4115 et
205 4049 301 4115 fertili
319 4071 398 4137 agro
417 4048 451 4113 in
466 4047 624 4114 incultum
646 4063 680 4115 et
700 4047 834 4115 sterilem
847 4050 991 4130 veniunt,
1005 4061 1064 4116 eut
1077 4049 1134 4138 qui
1148 4050 1190 4117 de
1226 4115 1229 4121 .

156 4151 273 4217 eodem
293 4164 484 4241 argumento
505 4151 637 4216 donum
658 4163 692 4216 et
712 4150 903 4240 prudentem
929 4152 1045 4233 virum,
1071 4150 1189 4222 deinde

158 4248 388 4321 balbutientem
400 4272 536 4343 puerum
549 4251 695 4321 audiunt.
