2684 4762
238 310 254 353 x
300 303 354 371 hu
374 299 599 374 Aumuums
619 309 765 373 Pomm.
785 311 922 390 poue.
971 298 980 312 '
1062 300 1123 374 'ms

82 464 176 555 fugil
188 496 198 534 .·
210 465 343 556 subeuot
362 462 464 553 morbi,
485 471 627 564 tristisque
636 477 791 562 smetluss
815 475 860 538 Et
876 473 971 554 labor,
992 485 1020 537 et
1039 473 1126 539 durae

95 573 176 657 rapit
202 573 386 640 inclementia
411 577 522 641 mortis.
566 581 643 642 AEn.
667 581 727 642 XI.
754 578 835 645 182:
867 578 987 641 Aurora
1012 579 1126 642 interra

94 666 206 761 mfferis
226 678 399 744 mortalibus
413 681 524 745 almam
538 681 701 745 Extulerat
716 680 818 760 lucem,
833 681 959 766 referens
973 667 1059 767 opera
1074 692 1125 744 ot*

93 799 153 861 qua
166 776 292 843 labores.
320 783 439 869 Georg.
457 783 484 845 I.
499 799 572 866 237.
587 781 628 845 <le
642 782 782 869 quinque
796 781 913 846 Mundi
936 782 1036 861 zonis,
1057 781 1127 847 Has

95 876 172 940 intur
191 881 374 969 mediamque
396 883 466 945 duae
487 881 657 945 mortalibus
677 884 769 970 aegris
785 883 915 946 Munere
928 885 1060 969 couceffae
1075 884 1125 948 di-
1147 942 1148 947 ,

93 1002 179 1042 uum.
206 981 283 1044 AEn.
301 981 345 1044 II.
361 981 434 1045 268.
452 982 577 1067 Tempus
591 995 667 1061 erat,
682 1003 736 1070 quo
746 983 846 1071 primo
861 983 941 1070 quies
954 983 1127 1047 mortalibus

95 1080 188 1164 aegris
202 1081 320 1167 Incipit.
350 1081 393 1145 X.
408 1098 480 1167 273.
495 1095 549 1146 aut
564 1083 660 1147 Sirius
674 1085 785 1149 ardor:
805 1082 952 1169 lllrfitim
963 1084 1127 1172 morbosque

83 1180 191 1266 serens
209 1181 382 1247 mortalibus
400 1183 546 1271 aegrissw
583 1187 661 1250 XII.
677 1171 965 1270 850.⁶Dirae-Hae
977 1185 1065 1250 Jovis
1084 1186 1130 1250 ad

84 1279 208 1368 solium,
221 1283 362 1370 saeuiqua
378 1284 410 1347 iu
429 1284 529 1348 limina
549 1287 627 1373 regis
645 1286 816 1374 Adparent,
839 1294 1004 1375 acuuntque
1021 1297 1128 1350 metum

95 1384 272 1449 mortalibus
298 1385 401 1472 agris,
432 1385 466 1450 Si
494 1389 612 1474 quando
645 1386 736 1450 lotum
768 1387 935 1474 horrificum
962 1387 1128 1474 morbosque

95 1485 195 1550 Deum
210 1509 262 1549 rex
277 1486 420 1565 Molitur‚
434 1489 554 1551 meritas
569 1499 623 1552 aut
638 1487 711 1552 bello
726 1489 845 1551 territat
858 1488 954 1552 urbas.
977 1520 980 1525 ·

141 1597 193 1652 22.
207 1587 247 1650 C.
270 1589 314 1650 bul
325 1595 379 1652 τῶν
393 1589 529 1670 ὀνομάτων
542 1593 589 1664 τῆς
602 1589 769 1674 cumbelum]
786 1588 921 1653 Diuum
935 1589 978 1652 est
990 1579 1047 1674 pes
1060 1599 1126 1652 tra·

90 1687 265 1774 jeilionem
288 1710 346 1774 pso
365 1691 409 1776 διὰ
430 1695 477 1766 τῆς
498 1687 639 1767 συνηθείας
656 1697 710 1753 τῶν
730 1690 877 1770 ὀνομάτων.
913 1686 1127 1776 Trajebiiones

97 1789 279 1876 hujusmodi
294 1791 405 1855 multae
420 1791 575 1878 variaeque
589 1791 661 1854 sunt
675 1789 707 1855 in
727 1794 881 1855 Veterum
898 1791 1031 1877 scriptis,
1045 1813 1126 1876 qua·

96 1880 170 1954 rum
185 1913 256 1977 quae
274 1890 345 1976 ipsis
367 1890 592 1978 Scriptoribus‚
612 1913 685 1978 quae
704 1890 837 1955 librariis
858 1891 1034 1955 tribuendae
1054 1892 1126 1970 sint,

97 1977 225 2055 difficile
247 1992 289 2055 est
313 1991 412 2056 ditia.
455 1993 536 2055 Haec
562 1989 684 2056 fortaffe
707 2013 771 2055 non
794 1990 896 2077 magis
917 2012 1069 2076 gennana
1091 1991 1128 2054 fit

98 2089 257 2169 habenda,
283 2112 380 2177 quam
404 2090 457 2154 illa
482 2091 627 2177 Sympos.
654 2092 699 2154 11.
728 2112 761 2175 p.
777 2091 851 2173 636.
873 2088 916 2153 A.
941 2091 972 2152 τὸ
1000 2089 1067 2174 osopi
1089 2087 1127 2152 ri

97 2192 192 2274 scirpo
214 2199 262 2269 τῆς
285 2193 427 2279 γενέσεως,
452 2192 566 2280 quaslio
588 2195 624 2255 de
646 2192 759 2279 origine
782 2191 896 2254 muudi.
934 2190 996 2255 Sed
1016 2190 1056 2254 de
1077 2190 1129 2254 his

98 2293 174 2359 alibi
196 2294 350 2359 dicemus.
386 2294 537 2373 Συνηθείας
552 2295 745 2359 Meziriacus
764 2305 922 2359 mutatum
941 2292 1080 2358 malebat
1094 2292 1127 2357 in

97 2396 253 2477 σημασίας.
288 2399 335 2460 At
349 2395 440 2475 illud,
462 2409 499 2461 ut
515 2396 665 2462 [ulmum
680 2396 861 2484 coquetudo,
882 2407 916 2460 et
936 2394 1037 2460 solum
1055 2395 1128 2458 sim·-

98 2499 286 2585 plieitesque
311 2499 446 2585 positum
472 2511 563 2563 notat
587 2497 704 2585 liuguae
725 2522 760 2560 ac
775 2497 920 2583 sermonis
944 2497 1128 2583 consuetudi-

97 2624 176 2680 uem‚
190 2614 224 2664 et
238 2600 339 2687 magis
354 2600 450 2664 etiam
464 2599 519 2664 ubi
534 2598 649 2686 lingum
661 2621 699 2664 ac
710 2600 856 2687 sermonis
870 2599 919 2663 vel
936 2621 976 2663 ex
996 2599 1128 2685 propin-

98 2721 164 2785 qua
177 2699 240 2764 loci
262 2713 351 2785 parte
373 2698 571 2777 subauditur,
586 2697 634 2763 vel
648 2697 761 2763 diserte
775 2698 914 2778 additus,
927 2710 965 2762 ut
978 2698 1041 2762 hoc
1056 2697 1129 2762 loeo

97 2811 153 2865 τῶν
177 2802 313 2883 ὀνομάτων
335 2801 479 2865 additum
501 2801 555 2866 est.
602 2800 655 2865 Sic
679 2799 866 2865 Plutarchus
888 2799 921 2862 in
944 2800 1007 2863 fine
1033 2798 1130 2885 hujus

100 2903 226 2989 paginae
242 2906 286 2967 F:
314 2908 340 2965 ἐν
360 2909 394 2988 τῇ
414 2900 554 2986 cumbam,
577 2902 608 2965 in
618 2901 762 2986 sermonis
783 2899 994 2987 consuetudine.
1031 2900 1128 2985 Sym·

100 3003 168 3088 pos.
182 3004 243 3068 VI.
257 3017 290 3086 5.
312 3023 345 3088 p.
360 3017 433 3087 725.
450 3003 499 3068 C:
523 3009 537 3078 ἡ
553 3002 580 3064 δὲ
596 3006 667 3077 κοινὴ
681 3002 808 3076 συνήθεια
821 3001 852 3061 rb
867 2996 982 3081 ἄμικτον
996 2998 1017 3085 ig
1032 3003 1128 3061 καθα*

99 3108 144 3191 μὸν
165 3097 321 3188 (κέκληκεν)
345 3104 485 3192 ἄφθαρτον
503 3101 549 3183 καὶ
564 3104 710 3188 ἀκήρατον.
748 3097 1074 3165 Pseudo-Plutarchus
1088 3097 1129 3162 de

99 3207 177 3272 Vita
192 3207 327 3271 Homeri
346 3207 378 3293 §.
390 3210 444 3291 56.
464 3227 498 3293 p.
512 3225 588 3291 309.
613 3203 700 3269 Edit.
722 3200 832 3267 Galeit
846 3200 1025 3273 -πολλίικις
1049 3203 1075 3261 ἐν
1094 3206 1129 3282 τῇ

10 3274 69 3381 s
98 3307 239 3394 συνηθείᾳ,
257 3310 341 3397 saepe
363 3309 395 3371 iu
416 3307 552 3396 loquendi
569 3304 781 3392 coquuntur.
814 3301 916 3367 -Dion
935 3299 1049 3388 Chrys.
1071 3300 1128 3365 Or.

101 3411 263 3475 XXXIII.
279 3430 312 3496 p.
324 3424 400 3492 407.
415 3409 546 3486 συνήθως.
907 3443 910 3448 ·

145 3530 197 3579 22.
212 3511 252 3577 C.
274 3516 326 3586 τὰς
346 3509 498 3596 moymirus
516 3509 665 3595 γλῶτῖας.]
694 3504 804 3595 Gloffae
825 3517 859 3571 et
882 3503 1072 3594 Gloffrmala‚
1091 3498 1131 3570 ut

100 3613 235 3692 (ἕνωσίν,
256 3611 302 3677 ita
318 3611 469 3678 dIcuntur
484 3609 627 3694 latinius
650 3610 735 3674 rebla
752 3632 772 3673 a
792 3607 962 3673 Plutarcho
980 3609 1129 3694 cousuetu-

100 3716 168 3778 dini
187 3726 413 3802 opponuntur:
441 3712 514 3776 sunt
535 3710 621 3775 enlm
642 3707 797 3774 vocabula
816 3730 838 3772 a·
852 3706 975 3794 vulgari
994 3707 1129 3773 consue·
1170 3765 1173 3772 ,

99 3816 213 3882 tudine
231 3824 367 3895 remota,
381 3813 533 3891 obsoleta,
549 3833 628 3891 rara,
643 3832 717 3898 quae
732 3821 900 3897 propterea
918 3807 1054 3876 omtIoni
1070 3825 1130 3874 an·

81 3982 83 3986 .
100 3918 257 4007 tiquitatis
270 3918 418 4004 speciem,
432 3914 684 4003 gravitatemque
698 3912 889 3982 conciliant.
918 3913 969 3976 lta
981 3912 1131 3997 frequent

100 4023 145 4087 est
170 4019 256 4106 apud
279 4012 485 4083 Plutarchum
507 4017 593 4103 Opp.
614 4016 703 4094 Mor.
725 4034 760 4100 p.-
773 4015 827 4079 60.
841 4016 885 4078 A.
907 4030 983 4098 347.
996 4014 1032 4077 F.
1054 4026 1130 4098 375.

101 4109 138 4189 ν’.
160 4124 236 4204 406.
252 4123 289 4185 u.
314 4121 390 4201 408.
407 4119 447 4185 e.
483 4119 571 4187 Dion
588 4117 703 4205 chrys.
720 4117 777 4181 or.
792 4117 836 4180 x.
862 4115 1046 4203 p.149.u=
1075 4107 1131 4202 qui

100 4225 200 4290 etiam
221 4221 384 4291 Diale&os
397 4221 495 4309 vulgo
508 4220 619 4300 dietas,
635 4219 792 4298 lonicam,
804 4218 975 4299 AEolicam,
994 4217 1130 4307 aliasque

173 4343 260 4391 voh.
278 4343 331 4388 vl.
630 4340 655 4386 Q
