2684 4762
326 346 381 408 ns
401 345 627 423 subrasus
646 347 795 413 sorra.
814 356 904 428 pur.
919 347 1006 421 ca.
1122 359 1183 423 m

155 570 158 575 .
191 527 246 594 34.
261 509 305 576 C.
328 511 465 597 lforolas]
494 512 662 578 celeritatis
680 513 822 580 audiendi
838 525 866 577 et
883 512 1083 602 intelligendi.
1119 515 1184 578 Ea·¹

148 610 228 675 dem
242 628 304 677 vox
317 612 360 677 est
374 613 462 698 apud
472 614 687 680 Plutarchum
703 616 849 704 Sympos.
866 618 927 681 tv.-
948 640 981 703 p.
998 617 1074 700 670.
1092 616 1126 680 F.
1143 615 1185 680 de

148 709 270 800 lepore,
295 717 408 803 ἐξυκοΐᾳ
426 719 458 780 di
481 721 553 782 lorti
573 718 714 806 traplpm.
758 722 804 785 Η.
824 718 1007 806 Stephanus
1028 720 1121 785 Thes.
1143 721 1184 784 L.

148 818 208 881 Gr.
232 819 271 883 T.
295 820 340 883 ll.
363 841 396 905 p.
415 826 510 906 1351.
533 820 616 885 banc
640 821 778 886 formam
802 821 962 908 repudiat,
984 835 1018 885 et
1039 820 1185 901 ὀξυήκοθ,

148 919 287 998 Quoia,
311 921 512 986 scribendum
536 921 657 1001 censet,
676 945 772 1010 quarn
793 946 905 988 vocem
929 923 993 988 alio
1015 922 1088 988 loco
1102 925 1142 987 T.
1155 921 1184 986 l.

148 1023 274 1106 p.'289.
303 1022 457 1101 recenset,
483 1034 572 1089 certe
598 1024 747 1112 analogia
772 1038 808 1089 et
833 1025 892 1089 usu
912 1014 1184 1089 commendatam.

148 1120 307 1185 Attamen
323 1122 439 1186 Daniel
458 1126 590 1188 Scottus
610 1125 642 1188 in
658 1123 848 1210 Appendioe
864 1122 973 1189 locum
988 1123 1093 1188 adfert
1107 1121 1185 1186 Ari·

149 1220 268 1289 ssotelis
284 1223 366 1286 Hist.
382 1224 495 1290 Anim.
513 1227 571 1289 IV.
589 1223 621 1289 8.
644 1227 701 1290 ubi
717 1227 766 1290 bis
781 1226 882 1290 altera
897 1226 1000 1312 forma
1014 1225 1120 1304 ὅξύκοος
1135 1223 1184 1287 le·

148 1321 253 1408 giturt
276 1326 372 1387 *εἶσὶ
388 1324 416 1388 li
430 1351 510 1403 τινες,
531 1327 559 1389 oi
574 1345 643 1408 φασι
657 1329 679 1412 'lt
694 1328 806 1409 μάλιςα
829 1326 940 1405 ὀξυκὸυς
960 1326 1025 1407 eleas
1043 1335 1097 1390 τῶν
1112 1326 1186 1408 {dur

149 1425 421 1509 &diac-ptime
436 1430 459 1491 δ’
475 1429 526 1491 risi
541 1438 594 1492 τῶν
613 1430 720 1515 ἰχθύων
735 1429 837 1507 diducet
853 1429 974 1514 κεςριὺς,
991 1428 1107 1514 χρὶμψ,
1126 1427 1184 1491 λά·

147 1523 233 1612 ἔφξ,
254 1528 361 1606 σάλπη,
380 1530 526 1615 χρομὶς-
545 1530 601 1593 ubi
623 1531 670 1594 vir
688 1532 811 1595 Groecae
830 1530 950 1617 linguae
966 1529 1186 1594 scientissimus

150 1626 235 1692 Frid.
258 1629 450 1717 Sylburgius
473 1631 543 1695 haec
566 1644 676 1697 notat:
710 1639 734 1672 “
751 1632 862 1708 ὀξυκόες
884 1630 1016 1717 excusari
1040 1627 1140 1718 potest,
1153 1628 1189 1716 fi
1278 1635 1283 1639 ’

147 1735 210 1793 “a
232 1735 301 1794 xoris
322 1731 496 1797 derivetur.-
526 1733 639 1822 alioqui
662 1734 758 1821 potius
774 1735 966 1820 scribendum
987 1734 1115 1812 ὀξυηκόες
1135 1733 1190 1798 vel

151 1832 292 1920 “sallem
316 1835 471 1913 ὀξηκόες;”
498 1850 534 1900 at
557 1836 751 1901 dudliffimus
778 1837 913 1913 CamuS,
941 1837 997 1922 qul
1023 1836 1085 1900 ltoe
1109 1833 1186 1901 Ari-

148 1932 269 1998 stotelis
284 1955 367 2021 opus
381 1955 457 2004 eum
474 1935 739 2022 interpretatione
749 1951 784 1999 ct
800 1936 883 1999 notis
896 1939 921 2001 F
922 1935 1046 2000 rancice
1062 1935 1187 2022 scriptis

148 2033 260 2099 edidit
277 2036 396 2101 Parisiis
419 2059 503 2102 anno
521 2054 614 2121 1773.
630 2037 735 2102 forma
754 2050 880 2122 quarta,
901 2036 1028 2102 duobus
1047 2035 1185 2101 volumi·-

149 2137 257 2217 uibns,
282 2139 429 2208 exhibuit
455 2140 583 2218 ὀξυηκᾰες
609 2153 644 2205 ct
663 2140 781 2218 ὀξυῆκοοι
800 2160 840 2203 cx
862 2137 989 2239 scriptis
1006 2137 1186 2203 codicibus.
1254 2214 1256 2218 .

151 2239 309 2324 Equidem
328 2241 435 2319 ὀξυκόος
451 2242 567 2306 'utrum
588 2241 629 2306 ab
648 2241 719 2329 ipsrs
741 2240 969 2327 scriptoribus,
989 2262 1031 2303 an
1051 2262 1069 2303 a
1087 2237 1185 2304 libra

152 2337 205 2400 riis
227 2338 274 2417 srt,
299 2339 386 2402 haud
409 2339 503 2404 l'acile
525 2340 651 2404 dicam:
676 2361 873 2426 quamquam
888 2339 983 2403 estet
997 2338 1031 2402 in
1053 2338 1184 2426 Hippo·

151 2437 239 2502 darni
263 2441 468 2527 Pythagorici
485 2441 702 2527 disputatione
718 2441 804 2526 apud
824 2441 990 2506 Stobaeum
1006 2442 1109 2504 Serm.
1126 2439 1184 2503 CI.
1276 2462 1283 2478 .

151 2562 185 2624 p.
195 2556 216 2625 5
217 2557 237 2624 5
238 2556 280 2624 5.·
303 2543 413 2618 ὄξυκὴΐα
428 2543 455 2604 δὲ
471 2541 518 2621 καὶ
532 2542 675 2629 dicispulos
687 2541 737 2621 xa)
748 2545 833 2606 rotas
846 2541 1007 2616 ὥκῦτας-.

194 2663 248 2727 34.
266 2643 305 2708 C.
336 2645 731 2731 hludrlpe-Mandproff]
757 2644 858 2730 Apud
873 2643 1040 2709 Stobaeum
1058 2644 1109 2708 bis
1128 2664 1186 2707 ex-

152 2745 212 2812 stat
231 2745 289 2810 sub
304 2744 433 2811 nomine
449 2747 633 2824 Menandri,
650 2747 754 2811 Serm.
773 2746 881 2812 XCII.
896 2769 928 2831 p.
940 2762 1016 2830 512.
1031 2758 1065 2810 ct
1078 2746 1136 2809 CI.
1151 2768 1185 2831 p.

150 2864 227 2931 552.
251 2848 335 2913 unde
357 2849 490 2912 Grotius
514 2849 663 2935 Florileg.
692 2871 724 2934 p.
740 2852 815 2931 381.
837 2863 871 2912 et
891 2848 1036 2914 Clericus
1061 2870 1095 2935 p.
1114 2864 1186 2916 rao.

150 2950 262 3013 Habet
279 2973 407 3035 quoque
421 2953 455 3014 S.
471 2952 634 3016 Maximus
650 2955 742 3016 sent.
758 2973 790 3036 p.
802 2967 876 3034 759.

180 3063 187 3070 “
194 3068 248 3132 34.
263 3051 306 3114 Ι).
330 3051 373 3117 Σὺ
394 3053 414 3112 δ’
436 3047 458 3111 ὦ
477 3053 508 3113 τὸ
529 3053 655 3136 λαμπρὸν
674 3053 784 3133 pais-l
812 3049 981 3134 Sophoclis
996 3072 1037 3114 ex
1050 3051 1186 3136 Scyriisz

149 3149 235 3215 citat
257 3152 354 3216 etiarn
379 3151 567 3217 Plutarchus
591 3152 624 3214 in
644 3151 726 3215 libro
741 3153 793 3216 De
809 3151 958 3215 Dil'crirn.
974 3149 1073 3215 adul.
1089 3164 1124 3215 ct
1136 3152 1187 3216 A·

143 3251 230 3351 'inici
247 3273 280 3337 p.
295 3269 346 3335 72.
362 3254 401 3316 E.
416 3253 473 3316 nbi
486 3274 546 3338 pro
560 3252 721 3328 ἁτοσὸσννὺς
737 3254 780 3316 est
793 3253 986 3335 καταιχύνωνι
1009 3266 1043 3315 ct
1061 3253 1187 3338 compi·

154 3355 239 3420 lator
261 3355 361 3421 libelli
381 3357 431 3420 De
447 3355 627 3421 Nobilitate
646 3355 726 3441 Cap.
745 3374 797 3421 20.
836 3355 944 3420 Posuit
956 3354 1140 3421 Brunckius
1152 3357 1189 3421 In

155 3457 357 3543 l'rsgmentis
374 3456 542 3544 Sophoclis
557 3459 599 3523 T.
613 3458 657 3520 ll.
675 3479 707 3543 p.
724 3457 775 3521 28.

196 3561 305 3644 34.D.
329 3536 573 3648 &poposcitis-l
603 3560 729 3624 Notum
753 3559 787 3622 in
812 3559 936 3640 Graecis
957 3559 1116 3626 lludiumr
1146 3561 1189 3628 de

154 3682 223 3746 qno
237 3661 416 3740 videantur,
435 3678 516 3746 quos
539 3657 679 3727 laudarit
699 3658 882 3723 Gatakerus
898 3659 942 3724 ad
962 3662 1013 3726 M.
1030 3663 1187 3729 Antonin

159 3764 232 3830 l.,6.
248 3785 283 3848 p,
292 3781 325 3850 5.

200 3884 254 3948 34.
268 3867 312 3931 D.
343 3871 394 3944 Ml
416 3872 529 3932 atim
550 3863 678 3952 daps-4
709 3862 873 3949 Euripidis
894 3884 934 3928 ex
952 3864 1051 3930 AEolo
1071 3866 1196 3933 citatur·

154 3989 177 4031 a
198 3966 328 4032 Stobaeo
351 3970 454 4034 Serm.
472 3966 564 4032 XCI.
585 3987 618 4052 p.
629 3981 705 4050 507.
725 3963 811 4030 unde
827 3965 960 4030 Grotius
982 3962 1132 4052 Florileg.
1154 3983 1190 4051 p.

155 4068 233 4155 376.
281 4069 319 4132 ln
344 4070 543 4156 Fragmentis
566 4069 677 4154 Eurip.
705 4067 802 4155 hujus
828 4067 947 4134 fabula
972 4068 1077 4133 Num.
1097 4069 1191 4137 XIV.

156 4171 211 4235 Est
231 4183 266 4236 ct
288 4168 376 4256 apud
398 4169 596 4237 Athenaeum
612 4171 671 4237 lv.
692 4189 725 4256 p.
746 4188 818 4256 159.
833 4170 878 4234 D.
901 4181 936 4234 ct
956 4168 1091 4234 Sextum
1111 4172 1190 4237 Em·

158 4263 368 4358 pin'Advcrs.
383 4272 545 4342 Mathcm.
564 4274 590 4338 1.
607 4292 658 4358 ¹3·
682 4292 715 4360 p.
733 4289 807 4359 224.
828 4271 915 4341 unde
934 4271 1087 4359 colligere
1102 4271 1191 4354 licet,
