2684 4762
301 333 357 393 uu
376 333 602 394 nuumunrs
623 331 769 392 rouus.
790 346 819 408 p.
830 337 880 401 27.
894 331 927 391 r.
1070 339 1129 403 τοι
1255 400 1258 405 ,

97 495 229 561 nomine
243 494 328 584 apud
344 496 510 561 Stobaeum
530 471 632 559 Serm.
645 495 688 560 V.
704 517 736 580 p.
751 495 803 579 63.
819 491 905 557 unde
920 490 1053 558 Grotius
1067 513 1129 579 po·

98 597 161 662 suit
177 598 209 662 in
228 597 398 684 Florilegio
411 598 474 662 Tit.
484 598 526 662 V.
549 618 581 682 p.
595 617 614 682 3
616 609 649 680 5.
685 593 867 660 Bruuckius
886 592 949 659 hoc
970 591 1130 659 Plutarchi
1265 563 1268 569 Ι

98 698 217 764 indicio
231 699 384 784 Sophocli
398 697 524 762 afferuit
539 701 665 784 Fragm.
682 696 799 760 incert.
814 696 874 758 XI.
889 716 923 781 p.
935 709 990 780 37.

140 816 193 885 27.
208 802 244 865 F.
271 800 379 875 ἀτοῖιοις
392 799 544 886 πράγμασι
560 797 648 883 λόγος
662 795 1026 882 ῖτιγελῶντας-τορῖζεινε]
1053 794 1129 862 Rei·

98 900 197 966 litium
213 906 398 987 ἐπιγελῶντας
413 901 458 980 in,
474 900 578 965 nescio
591 899 681 985 quid,
700 903 830 976 ῖιτιααεῖς,
849 900 975 982 εὐγενεῖς,
998 897 1129 983 εὐλόγοις,

97 1012 223 1071 mutare
246 1005 386 1085 voluitse,
408 1028 473 1070 non
495 1004 610 1069 miror:
638 1002 742 1090 magis
761 1002 859 1066 miror
881 1000 1043 1066 Krehfium
1063 1003 1136 1067 i're··

32 1136 34 1140 ³
89 1106 247 1192 ,quentius
265 1130 363 1195 quam
385 1129 443 1193 par
463 1122 530 1172 erat
552 1107 621 1171 istas
643 1106 841 1195 conjecturas
862 1103 1058 1184 memoralle,
1072 1115 1132 1171 aut

96 1223 289 1273 memoratas
313 1232 377 1273 non
403 1207 589 1295 diligentius
612 1230 651 1272 ex
676 1208 736 1272 usu
758 1206 919 1273 Plutarchi
943 1204 1130 1288 conlutaffe,
1256 1276 1260 1281 ,

97 1329 195 1393 quern
216 1322 314 1386 certe,
336 1321 374 1372 ut
391 1307 497 1374 editor
513 1307 608 1396 hujus
629 1307 739 1386 libelli,
764 1307 990 1395 pertractatum
1012 1305 1131 1373 habero

94 1409 245 1481 dehabet.
286 1411 390 1498 Igitur
411 1417 542 1499 ἐσιγελᾴν
563 1411 606 1476 est
629 1425 663 1477 et
685 1411 803 1491 irrideo,
831 1421 865 1475 et
886 1409 1014 1474 arrideo.
1056 1410 1131 1475 Hac

98 1511 324 1599 fignificatione
349 1511 505 1578 hocloco
527 1512 627 1578 valet:
659 1525 695 1577 ut
715 1513 800 1578 recte
825 1511 920 1578 vertit
943 1509 1128 1600 Xylanderr

96 1626 130 1677 et
148 1614 249 1699 potest
270 1613 333 1679 hoc
352 1614 441 1678 sensu
461 1612 631 1700 dupliciter
644 1613 850 1699 accipi-vel,
871 1613 1034 1702 adjungere
1049 1626 1128 1700 pra·

94 1713 144 1775 nis
155 1711 253 1799 saitis
268 1713 425 1777 orationem
446 1713 626 1800 rationesque
643 1737 712 1800 quae
732 1713 778 1777 his
787 1711 887 1798 sotiis
905 1711 1061 1777 arrideant
1075 1735 1129 1776 ea·

95 1836 151 1899 qne
176 1812 317 1901 probent.-
349 1813 510 1902 uel—pute
531 1814 612 1879 nobis
636 1813 799 1902 legentibus
823 1813 979 1877 arrideant
1000 1837 1037 1876 aa
1057 1813 1129 1901 pla-

94 1929 192 1980 ceant.
230 1919 341 2004 ltaque
364 1921 498 2002 ἐπιγελῶν
520 1917 602 2001 λόγος
624 1919 667 1981 est
682 1915 729 1981 vel
748 1915 838 2000 λέγειν
856 1920 1001 2000 ἐπιγελῶν,
1018 1929 1129 1995 orator,
1239 1940 1243 1947 ·

93 2029 251 2104 patronus,
272 2017 408 2081 arridens
421 2017 467 2081 his
478 2017 588 2102 settis,
604 2016 653 2081 vel
672 2016 765 2080 oratio
779 2040 849 2104 quae
867 2016 948 2079 nobis
966 2015 1130 2102 legentibus

93 2116 202 2203 piacet.
246 2118 298 2183 Sic
327 2117 513 2182 Plutarchus
541 2116 780 2204 comparatione
803 2114 1029 2202 elegantillima
1055 2115 1127 2182 Ad-

95 2219 172 2283 νοοῖ.
195 2219 324 2305 Epicur.
353 2239 385 2304 p.
404 2219 496 2301 1087.
521 2221 567 2283 E:
601 2219 677 2298 nili
699 2216 784 2297 ἡδοναὶ
806 2218 933 2305 καθάπερ
956 2216 1039 2306 alapae
1054 2222 1129 2307 πρὸς

45 2336 48 2341 ’
96 2321 200 2409 ῖτίραις
219 2323 307 2410 ἕτερος
324 2327 361 2384 rii
381 2322 510 2405 σώματος
529 2320 626 2410 ἄκραις
646 2327 814 2407 ἔτιγελοῖταρ
835 2322 1002 2409 διαχέονται,
1016 2318 1128 2411 volup·

95 2436 172 2486 tates
186 2422 258 2486 alite
273 2424 316 2486 acl
328 2422 406 2488 alias
420 2425 544 2513 carparis
559 2427 767 2505 extremitates,
781 2437 815 2490 ut
828 2450 916 2489 aurae
930 2425 974 2488 ad
988 2440 1127 2513 promon-

97 2525 186 2603 toria,
208 2525 372 2590 arridentes
394 2526 617 2614 diffienduntur.
656 2527 737 2592 Ibid.
766 2549 799 2613 p.
818 2548 909 2613 1103.
926 2527 974 2591 C:
1000 2526 1130 2611 μεγάλην

95 2630 183 2705 ἡδονὴν
204 2629 375 2692 ποιεῖ-οῖον
393 2633 476 2707 αὐτὴν
494 2634 667 2715 ἐπιγελῶσαν
684 2634 740 2704 τοῖς
762 2634 891 2715 ἀγαθοῖς
915 2630 966 2693 boc
987 2652 1129 2716 magnam

83 2726 171 2813 facit
191 2726 373 2815 oolreptatem
395 2742 546 2815 tamqnam
568 2729 745 2794 arridentem
767 2729 859 2795 bonis.
901 2728 1129 2813 Aristophanes

95 2828 291 2916 Thesmoph.
316 2832 398 2916 985:
428 2834 533 2917 Ἑρμῆν
553 2857 584 2894 τε
605 2831 709 2912 Νόμιον
731 2829 857 2913 οῖντομοη,
884 2828 942 2909 Kal
965 2835 1062 2908 Ποῖνα,
1082 2821 1129 2910 καὶ

95 2932 218 3014 Νύμφας
240 2934 335 3015 φῖλας,
355 2935 546 3020 Ἐτιγελοῖσοος
566 2935 732 3023 προδόμοις,
752 2939 822 3008 Ταῖς
839 2934 980 3020 ἡμιτίραις
998 2933 1128 3020 χαρίντα

91 3036 227 3125 χορείαις·
257 3059 322 3122 quo
344 3037 416 3103 loco
436 3038 540 3103 utitur
560 3037 658 3101 etiam
682 3034 874 3100 doetittimus
903 3037 938 3098 F.
953 3036 992 3098 L.
1007 3034 1126 3098 Abies-

93 3137 189 3203 chius
201 3138 343 3203 Dilucid.
357 3137 505 3227 Thucyd.
520 3160 552 3225 p.
566 3158 641 3223 340.
657 3137 712 3225 qui
731 3136 848 3202 dehoc
863 3137 920 3202 usu
936 3136 1020 3201 verbi
1037 3135 1129 3222 plura

95 3237 203 3303 docet.
254 3241 304 3303 Ita
329 3240 425 3304 etiam
453 3240 496 3305 est
523 3239 687 3322 ῖιτιμεεδιοῖοι,
713 3237 901 3325 προσγελοῖεο,
924 3238 1126 3324 οτροσμεεὸιοῖεο,

95 3336 185 3424 quod
199 3360 274 3402 mox
288 3338 428 3423 sequitur
441 3359 475 3423 p.
492 3338 543 3403 28.
555 3341 598 3401 A.
1149 3336 1152 3343 ’

140 3456 193 3522 27.
207 3441 242 3503 F.
264 3439 408 3524 σύσκηνος]
438 3436 618 3523 Euripides,
640 3435 809 3523 Sophoclis
829 3434 954 3523 collega
970 3447 1004 3501 et
1024 3436 1127 3503 socius

94 3539 129 3603 iu
150 3539 253 3621 scena,
276 3540 407 3618 σύσκηνος
428 3539 545 3605 dicitur
566 3537 650 3604 felici
672 3536 854 3619 tralatione3
877 3560 978 3625 quum
1000 3539 1131 3626 proprie

94 3641 243 3706 dicantur
271 3641 334 3708 hoc
361 3641 491 3707 nornine
520 3639 738 3706 contubernales
765 3639 797 3704 in
824 3639 957 3705 militia:
987 3639 1086 3706 veluti
1107 3664 1128 3706 a

96 3741 270 3808 Plutarcho
292 3744 376 3829 Opp.
397 3745 483 3808 Mor.
508 3762 542 3828 p.
559 3744 630 3823 148.
644 3745 688 3805 A.
712 3743 786 3828 998.
800 3742 845 3807 D.
880 3741 982 3808 Vrtar.
1002 3763 1125 3830 p.194

93 3846 135 3910 Ε.
158 3861 233 3931 497.
248 3846 291 3913 Α.
315 3849 390 3912 620.
403 3848 441 3910 B.
456 3858 490 3910 et
502 3844 571 3910 aliis
585 3845 677 3931 saepe.

138 3969 192 4033 27.
208 3954 243 4016 F.
265 3952 390 4040 Φαίδραν
408 3952 455 4032 καὶ
474 3959 723 4042 προσεγκαλοῦσαν
741 3955 782 4039 τῷ
802 3953 905 4038 Θησεῖ]
930 3952 1007 4018 Non
1027 3952 1071 4016 est
1092 3952 1132 4018 in'

91 4051 264 4139 tragoedia,
278 4075 350 4138 quae
366 4053 511 4139 superest,
534 4052 693 4141 Hippolyto
710 4067 864 4134 corana103
887 4053 940 4119 sed
954 4054 1016 4118 luit
1030 4053 1062 4120 in
1075 4075 1126 4137 ea,

92 4178 167 4242 quae
190 4156 295 4242 periit,
320 4154 480 4244 Hippolrto
501 4154 710 4242 καλοσῖομὲνῳε
733 4153 774 4220 de
795 4177 929 4242 quarum
949 4154 1128 4221 differentia

91 4255 280 4341 consulendi
302 4257 376 4324 suut
399 4261 439 4324 L.
454 4256 495 4323 C.
509 4255 742 4333 Valckenarius
766 4256 799 4321 in
822 4255 948 4322 Praefat.
968 4255 1009 4323 ad
1031 4257 1126 4329 Euri·

165 4377 322 4425 vot..v1.
624 4378 640 4419 S
