2684 4762
157 353 211 414 DE
224 352 408 414 DrscsuN.
421 351 543 415 ADUL.
557 352 610 415 AB
624 351 769 415 AMlCO.
783 351 1020 429 psall-ma.
1053 359 1113 429 tos

88 536 121 603 p.
137 520 216 600 11'7:
245 515 302 595 Kal
323 519 390 595 ὃίςτα
411 513 530 603 εὔχυμον
548 520 605 592 τοῖς
623 520 695 590 θεοῖς
709 522 787 587 πᾶσι
810 517 856 592 καί
871 510 996 596 πάσαις,
1014 523 1066 602 γῆν
1083 542 1114 582 τι

85 623 175 693 αὐτοῖς
188 622 292 707 καρτὸν
306 619 346 682 ὅτι
365 623 484 692 ascires
503 618 597 699 διδίνας
613 619 636 704 ιζ
655 617 727 705 υἰίςα
747 616 832 700 με’νυν
847 622 873 682 ὲν
891 624 947 694 τοῖς
960 617 1114 705 μίτμυιςμρ

83 724 218 803 γυναῖκας
238 719 339 785 τίκτιιν
359 718 438 803 ίμυια
458 727 591 805 γονεῦσιν·
620 742 693 806 quae
714 722 746 786 J·
768 719 848 785 Chr.
868 720 1008 786 Wolfius
1029 721 1116 787 redte

83 820 238 906 exposuit.
278 820 350 886 Fuit
362 820 495 886 omnino
513 820 609 887 etiam
628 819 715 907 apud
734 819 863 907 ignaros
878 821 1023 889 Hesrodei
1038 821 1117 887 dieti
1157 881 1163 887 .

82 920 206 1006 vulgari
222 920 375 1007 opinione
392 920 556 987 laudatum
579 942 699 994 munus
718 921 875 985 tortunae:
900 920 987 1006 quod
1006 922 1117 986 multis

85 1021 239 1086 Veterum
263 1021 380 1088 notetis
401 1021 480 1087 locis
500 1021 595 1089 dode
611 1019 751 1105 ostendit
764 1023 807 1087 G.
819 1022 949 1087 Cortius
962 1021 1004 1088 ad
1019 1022 1115 1088 Cice-

85 1122 170 1191 ronis
185 1121 280 1208 Epist.
294 1121 540 1188 adDivers.V1.
555 1123 588 1186 6.
604 1122 656 1187 26.

126 1226 180 1307 63.
196 1225 235 1287 E.
257 1224 593 1313 Λακύδης-φράσαντες]
619 1221 752 1310 Lacydi,
774 1221 937 1289 successori
957 1222 1114 1305 Arcesilai,

84 1325 193 1390 locum
213 1325 303 1391 dedit
322 1325 488 1411 Diogenes
506 1324 653 1394 Laertius
669 1325 726 1390 IV.
741 1327 881 1410 59-61.
897 1322 949 1388 sod
964 1323 1044 1389 nihil
1059 1337 1116 1393 aut

83 1427 148 1505 hic,
171 1439 228 1491 aut
249 1425 313 1505 alii,
338 1425 379 1493 dc
404 1423 628 1512 Cephisocrate
649 1423 777 1511 ejusque
799 1424 913 1489 caussa.
956 1424 1116 1499 Dedimus

82 1531 129 1593 ἀπ’
153 1527 339 1613 εἰσαγγελίας·
365 1549 424 1613 pro
447 1526 577 1621 vulgato
600 1526 833 1612 ἀτασαγίελίαςι
870 1527 941 1591 haec
967 1527 1053 1592 enirn
1081 1539 1117 1607 et

83 1628 186 1698 caussa
212 1642 247 1694 et
270 1651 331 1695 vos
355 1627 511 1713 nusquam
539 1640 752 1706 memoratur,
774 1627 830 1693 illa
854 1628 1002 1712 frequens
1028 1627 1115 1717 apud

83 1734 218 1794 Veteres
239 1744 272 1795 et
294 1730 470 1816 Scriptores
484 1742 518 1794 et
533 1727 780 1807 Grammaticos,
795 1728 827 1791 in
842 1728 956 1814 quibus
978 1730 1117 1801 maxime

84 1830 267 1894 consulatur
286 1828 521 1914 Harpocration
536 1828 568 1891 in
584 1849 672 1906 voce,
691 1827 733 1891 ad
753 1849 891 1912 eumque
913 1829 959 1892 H.
974 1829 1116 1896 Volesus

85 1955 118 2018 p.
135 1952 187 2017 23.
223 1931 383 1996 Solemnis
404 1931 447 1995 esl
468 1930 572 1995 forma
593 1930 655 1994 stne
669 1931 734 2007 ἁτό,
750 1928 835 1994 nude
852 1929 1025 2021 υίσαγίελίας
1043 1928 1115 2010 δίκη,

85 2046 123 2103 ut
144 2033 176 2103 in
198 2030 461 2103 aliiscautsarum
482 2029 686 2103 nominibus:
710 2044 817 2095 tannen
839 2045 873 2095 et
886 2031 1053 2099 AEschines
1067 2033 1116 2099 bis

84 2130 130 2195 ita
145 2130 273 2197 locutus
288 2131 331 2195 est
350 2130 440 2196 Orat.
460 2128 545 2196 Adv.
561 2127 759 2213 Cresphont.
782 2149 815 2214 p.
832 2129 904 2197 281·
921 2129 970 2192 C:
993 2132 1041 2192 ἅτ’
1056 2135 1115 2194 εἰσ·

82 2229 216 2315 αγίελίας
228 2234 312 2294 αὐτοῦ
326 2229 466 2318 κςινυμίυυ
481 2231 548 2315 περὶ
563 2227 684 2295 savera.
715 2228 755 2296 28
756 2246 790 2315 5.
805 2229 854 2295 C:
877 2230 1053 2317 Φιλοκράτης
1065 2233 1118 2314 μὲν

82 2335 138 2398 ἀτί
164 2341 217 2397 τῶν
238 2336 328 2399 αὐτῶν
347 2331 563 2414 armentalem
584 2329 742 2413 Δικνυθίνει
766 2335 856 2416 φυγὰς
874 2335 924 2399 ἆτ’
943 2332 1117 2420 ιῖσαγίιλίας

83 2435 249 2520 γεγένηταςε
288 2434 334 2499 ita
361 2434 512 2513 Wolfius,
539 2434 693 2519 probante
721 2434 825 2517 pellea
847 2446 881 2497 et
906 2435 1117 2507 confirmante

83 2539 234 2626 Tayloro,
257 2537 401 2617 restituit,
416 2558 491 2600 cum
511 2549 605 2601 antea
624 2533 819 2622 conjundtim
841 2534 1003 2626 legeretur
1015 2542 1116 2604 ἀτασ-

83 2639 225 2724 αγίελίας.
264 2638 451 2708 Plutarchus
464 2636 622 2705 Alcibiad.
640 2639 768 2703 toea:
792 2645 884 2702 ταῦτα
897 2644 955 2726 γὰρ
968 2642 1041 2730 ἕκτῇ
1056 2647 1115 2706 εἰσ-

82 2739 201 2824 αγίελίᾳ
222 2740 375 2826 γίγςατίυς
397 2742 552 2804 Θεσσαλοῦ
571 2743 608 2802 rs
629 2736 754 2818 Κίμυννυς
771 2737 992 2826 είσαγίιίλαντυς
1014 2742 1116 2804 Ἀλκι-

83 2839 175 2917 §.tan
189 2839 295 2903 ἀσεὲεῑυ
308 2840 377 2925 περὶ
397 2837 438 2902 τυ)
458 2837 523 2902 θεώ·
547 2859 619 2924 quae
632 2837 698 2921 ipsu
711 2837 744 2901 in
758 2837 965 2906 accusationis
979 2838 1118 2915 sormuls

85 2940 265 3007 reseruntur
278 2961 310 3026 p.
324 2957 398 3007 202.
414 2941 453 3004 Ε.

127 3044 180 3126 63.
196 3043 231 3105 F.
264 3038 514 3125 κατεσπευσμένης]
553 3037 786 3121 κατεστευμίνης,
811 3041 914 3106 Mose.
940 3061 969 3104 1.
998 3044 1116 3112 Venet.

84 3143 177 3208 Harl.
195 3162 227 3207 1:
257 3140 476 3223 καίεστασμίνης
501 3140 629 3229 Colleg.
654 3142 739 3208 Nov.
766 3141 834 3209 Pol.
862 3147 1117 3227 κατεσκευασμένης

82 3248 216 3311 Jannot.
230 3259 265 3308 et
278 3246 354 3310 Var.
370 3241 460 3308 Le&
475 3243 532 3306 Gr.
549 3243 622 3306 Lat.
637 3240 698 3307 sme
712 3243 853 3314 nornine.
885 3243 1026 3332 Vulgata
1039 3267 1116 3333 pro-
1138 3271 1141 3279 ·

82 3346 199 3412 banda.
245 3342 433 3411 Plutarchus
457 3344 509 3408 De
535 3342 658 3410 Curios.
686 3366 719 3433 p.
733 3360 810 3428 522.
833 3347 885 3411 D:
916 3351 1044 3427 ἑπιςοκῇ,
1064 3375 1115 3415 20.

79 3450 221 3539 praetem
234 3449 272 3526 μὴ
286 3445 364 3529 ταχὺ
376 3444 443 3526 μηδὲ
459 3444 701 3525 κατεσπευσμένως
715 3453 809 3524 adcor.
846 3446 966 3533 Agesil.
988 3470 1022 3535 p.
1039 3454 1114 3521 616.

83 3552 137 3615 A:
160 3546 385 3611 κατασπεύδοντα
408 3548 456 3624 τὴν
477 3543 575 3623 δίωξιν.
612 3545 779 3635 Longinus
800 3548 853 3614 De
875 3549 966 3619 Subl.
985 3552 1057 3620 XL.
1080 3577 1114 3645 p.

84 3669 158 3718 222.
174 3655 221 3729 τὴν
234 3648 364 3738 ἁρμονίαν
377 3653 415 3734 μὴ
430 3653 635 3730 κατεστεῦθας.
850 3682 853 3686 »
1140 3660 1144 3667 ’

127 3774 160 3838 p.
174 3754 226 3835 64.
240 3755 283 3818 A.
316 3751 481 3816 -ἁυαίδεσι
511 3750 677 3839 φαρμάκοις]
718 3750 868 3817 Cesaribus
900 3753 1117 3843 impudentibus
1150 3812 1160 3830 .

84 3854 212 3939 proprie
226 3853 364 3919 reddidit
376 3855 542 3920 Erasmus:
565 3852 705 3919 rosoribus
715 3856 843 3940 saturis,
861 3856 1043 3928 Crusen'us:
1067 3886 1116 3929 co·

80 3953 193 4021 loribus
206 3954 436 4042 lascivientibus,
451 3952 629 4042 Xylander:
645 3956 769 4020 colorum
783 3957 912 4037 luxurie,
928 3963 1030 4029 nostra
1044 3962 1115 4029 edi·

84 4050 135 4124 tio'
148 4078 187 4121 ex
208 4057 455 4124 Gnaeo-Latina
475 4061 567 4139 1624.
605 4060 705 4123 Potest
727 4073 903 4148 utcumque
923 4065 1028 4139 ἀναιδὲς
1041 4065 1115 4156 φάς-

80 4185 185 4243 μακυυ,
200 4159 350 4246 impudens
370 4159 458 4241 color,
480 4183 537 4248 per
559 4161 760 4228 tralationem
774 4163 896 4251 accipi:
920 4164 1016 4231 veluti
1030 4169 1114 4241 Dio-

83 4263 189 4354 nyfiur
210 4263 287 4343 Hal.
309 4266 361 4340 De
386 4265 464 4335 lsaso
484 4287 519 4353 p.
541 4285 614 4350 104.
635 4289 710 4335 eum
731 4289 919 4359 comparans
936 4270 1114 4360 pistoribus
