2684 4762
222 308 283 362 530
362 299 401 358 D.
415 300 468 358 W.
488 299 697 365 ANIMADV.
718 299 766 358 IN
788 298 1021 358 PLUTARCHI
1042 298 1115 358 LlB.

223 462 400 541 suum,uni
415 460 509 527 esuis
527 462 619 527 servis
644 463 713 550 (ἰδίῳ
727 464 825 545 παιδὶ)
849 464 978 528 verbera
1000 462 1167 548 ingerere:
1198 457 1263 523 hoc

225 561 313 627 enim
334 584 391 648 per
410 563 562 628 libertum
581 563 648 628 sieri
666 564 808 630 solebat:
836 563 935 629 veluti
957 585 997 628 ex
1020 562 1149 628 Polluce
1171 559 1265 624 colli·

225 664 314 751 gitur
334 666 393 729 lV.
412 685 484 752 149.
522 665 588 750 llic
607 665 707 752 igitur
721 667 825 731 servus
847 664 1041 752 puniebatur
1058 687 1097 728 eo
1120 663 1266 740 nomine,

226 765 315 854 quod
336 765 369 830 in
398 766 530 853 prandio
558 766 724 833 adhiberet
749 781 890 847 acetum,
919 789 979 832 nec
1004 765 1100 832 vellet
1127 765 1268 852 possetve

221 868 292 954 jam
314 867 376 933 fine
394 883 487 935 aceto
507 869 684 956 prandere:
714 870 777 935 lroc
797 869 884 934 enim
903 869 1007 956 perse
1025 868 1129 933 solum
1144 868 1187 931 ab
1201 870 1266 931 At·

227 968 300 1033 ticis
314 969 512 1035 condimenti
526 971 619 1036 instar
633 969 831 1036 habebatur:
855 984 892 1036 ut
906 971 949 1034 est
964 969 1051 1057 apud
1066 969 1267 1033 Athenaeum

228 1072 274 1137 ll.
290 1095 322 1158 p.
335 1075 387 1155 67.
401 1072 438 1137 C.
467 1072 616 1159 Denique
631 1072 741 1138 ἐπειπὼν
754 1072 1043 1139 animadvertenda
1056 1072 1099 1135 est
1113 1069 1267 1149 notionis,

229 1176 357 1261 coustant
376 1188 525 1263 praetrreo
539 1175 734 1263 jr'gnificonr.
781 1175 835 1239 Sic
859 1177 944 1261 Opp.
971 1176 1058 1238 Mor.
1083 1195 1116 1259 p.
1135 1175 1210 1240 208.
1227 1172 1267 1236 C.

232 1296 325 1358 1044.
337 1276 377 1341 C.
406 1276 477 1341 Vit.
492 1297 568 1362 310.
579 1278 620 1343 C.
642 1281 717 1358 4⁶0·
733 1280 768 1342 F.
792 1279 913 1363 651.F.
937 1294 1011 1362 771.
1026 1280 1061 1341 F.

272 1394 326 1461 70.
336 1379 375 1441 E.
396 1379 428 1441 τὸ
442 1385 490 1441 τοῦ
504 1378 809 1464 nascerer-riwin]
835 1379 967 1444 Venusti
981 1377 1139 1443 acuminis
1159 1398 1267 1441 narra-

230 1478 385 1559 tiuncula,
401 1480 505 1544 sumta
518 1502 557 1544 ea
571 1480 678 1567 aliquo
693 1480 859 1568 deperdito
873 1480 922 1545 vel
944 1478 1110 1547 Socratico
1129 1477 1179 1543 vel
1193 1479 1267 1543 scri·

230 1594 322 1666 ptore
344 1578 385 1644 de
409 1579 590 1645 Socraticis.
629 1582 835 1668 Interpretes,
853 1580 946 1669 quod,
962 1580 1072 1659 sciam,
1092 1601 1208 1644 omnes
1227 1580 1267 1642 ἐπὶ

229 1684 291 1755 ταῖς
307 1679 458 1767 τραπέζαις
479 1680 696 1761 reddiderunt,
712 1681 796 1768 quali
816 1682 1003 1770 significaret
1022 1681 1055 1744 ιἰι
1070 1680 1220 1760 convivio,
1238 1680 1269 1742 in

230 1807 333 1851 cona:
356 1805 534 1871 perperam.
577 1785 665 1848 Nam
690 1783 861 1850 Plutarcho
874 1784 1006 1870 quidem
1029 1786 1093 1851 hoc
1111 1784 1203 1848 sensu
1218 1783 1268 1847 di-

230 1887 314 1951 citur
329 1908 464 1952 nurnero
479 1885 628 1973 fingulari
643 1889 684 1948 ἐπὶ
699 1892 732 1971 τῇ
745 1886 881 1973 τραπέζῃι
905 1900 939 1951 et
954 1893 968 1964 ἡ
982 1886 1120 1973 τράπεζα,
1136 1885 1178 1950 dc
1192 1909 1268 1949 conr-

230 1989 364 2055 πιαιιὶοιιο
385 1989 442 2053 cibi
465 2000 493 2052 et
510 2001 597 2075 potus
616 1989 646 2052 in
666 1990 767 2053 eadem
779 1992 899 2076 merja:
921 2002 1020 2068 certe,
1034 1989 1093 2053 ubi
1107 1988 1149 2053 ‹le
1164 1989 1270 2074 fingu-

231 2090 289 2157 lari
302 2112 336 2154 re
351 2090 451 2154 semro
463 2089 507 2154 cst
520 2113 549 2154 v.
564 2112 594 2153 c.
632 2091 719 2176 Opp.
736 2092 824 2155 Mor.
845 2112 876 2176 p.
888 2092 942 2154 61.
959 2089 1000 2154 C.
1023 2091 1076 2154 68.
1092 2091 1138 2153 D.
1162 2111 1216 2176 99.
1230 2090 1270 2153 E.

183 2243 184 2247 ,
233 2210 306 2274 124.
323 2197 360 2255 B.
393 2194 464 2258 128.
479 2193 516 2255 B.
548 2211 621 2276 132.
635 2195 673 2257 E.
708 2211 780 2277 133.
795 2193 839 2273 A,
852 2193 899 2269 B.
924 2212 997 2277 149.
1013 2194 1048 2256 F.
1081 2192 1157 2275 158.
1174 2193 1213 2256 C.
1231 2195 1271 2257 Ε.

231 2293 306 2381 697.
320 2294 366 2357 D.
394 2310 468 2377 707.
485 2292 525 2358 C.
552 2310 627 2376 712.
643 2296 678 2358 F.
704 2296 778 2358 816.
795 2295 833 2358 B.
856 2314 931 2381 991.
946 2295 990 2358 D.
1014 2311 1089 2381 997.
1107 2295 1148 2358 C.
1195 2293 1272 2367 l’lu-

231 2393 304 2461 ralis
317 2395 486 2480 usurpatur
502 2395 552 2459 vel
568 2393 768 2469 deconvivio
784 2408 819 2460 et
840 2417 944 2474 coena,
958 2399 1065 2482 mensio
1082 2394 1205 2481 prim,
1218 2397 1271 2480 jc-

231 2498 349 2577 candae‚
367 2510 565 2584 opponuntur,
580 2495 737 2579 tolluntur,
751 2497 800 2561 vel
814 2496 871 2562 ubi
892 2496 1026 2563 omnino
1047 2495 1158 2581 plures
1175 2496 1271 2583 figni-

232 2599 364 2665 ficandae
386 2600 471 2673 sunt.
508 2599 574 2664 Hic
594 2598 725 2686 quidem
745 2602 787 2664 &xl
803 2605 864 2674 ταῖς
881 2600 1029 2684 τραπέζαις
1043 2600 1088 2663 est
1101 2601 1272 2688 admensus

231 2701 480 2779 tabernariorum,
498 2699 643 2786 opificem,
663 2701 943 2780 nummulariorum,
966 2701 1007 2767 ad
1027 2723 1107 2787 quas
1123 2705 1273 2766 Socrates

231 2800 382 2867 accedere
398 2803 529 2881 solebat,
550 2818 587 2867 ut
601 2826 676 2868 cum
689 2805 726 2869 iis
740 2805 857 2892 eosque
869 2805 1148 2870 circumstantibus
1163 2806 1272 2871 horni-

232 2903 327 2969 nibus
341 2903 511 2969 dissereret.
542 2905 632 2970 Plato
646 2905 789 2993 Apolog.
805 2910 895 2972 Socr.
916 2929 949 2992 p.
963 2908 1040 2991 358.
1058 2909 1081 2971 1³
1093 2932 1100 2970 :
1126 2912 1173 2970 ἐὰν
1189 2910 1217 2969 δὲ
1231 2911 1274 2970 'aad

231 3017 285 3071 τῶν
306 3013 395 3072 αὐτῶν
417 3009 509 3092 λόγων
530 3007 636 3086 striari
653 3034 694 3090 μα
716 3009 913 3094 ἀπολογομένιι
932 3011 963 3072 δι’
978 3007 1062 3094 ὦνπερ
1081 3008 1167 3073 εἴωθα
1181 3010 1275 3094 λέγειν

231 3110 278 3192 nal
293 3116 319 3175 ἓν
332 3116 424 3198 ἀγορᾷ
438 3113 483 3192 αα)
497 3113 539 3175 ἐπὶ
553 3121 606 3176 τῶν
620 3116 771 3198 τραπεζῶν,
785 3113 828 3175 ἵνα
843 3119 916 3194 ὑμῶν
932 3118 955 3177 οἳ
968 3114 1067 3177 πολλοὶ
1081 3113 1236 3188 ἀκηκόασι,
1253 3142 1274 3199 ‘5

230 3214 347 3295 ἄλλοθι,
367 3217 437 3298 μήτε
457 3217 621 3299 θαυμάζειν,
640 3218 709 3297 μήτε
723 3213 845 3301 θορυὲιῐν
860 3215 932 3279 reiro
949 3215 1046 3278 ἕνεκατ
1071 3213 1116 3278 lbi
1134 3231 1168 3278 et
1187 3215 1274 3300 Hip-

233 3318 319 3405 piam
334 3318 453 3383 audivit
469 3317 682 3396 disserentem,
698 3334 735 3381 ut
757 3335 860 3382 narrat
880 3319 912 3380 in
927 3316 1134 3403 Euthydemo
1149 3339 1185 3403 p.
1200 3337 1275 3401 231.

232 3423 282 3487 G:
308 3422 365 3507 ἐγώ
381 3420 448 3485 ποτέ
463 3446 500 3483 σο
517 3421 598 3498 ἥκειν
611 3420 858 3505 μεγαλαυχομὲνιι
874 3425 987 3496 πολλὴν
1001 3419 1099 3501 σοφίαν
1114 3417 1161 3496 καὶ
1182 3427 1277 3500 ζηλα·

232 3528 279 3600 τὴν
294 3531 408 3602 σαυτοῦ,
425 3522 562 3599 διεξιόντος
576 3527 602 3585 ἐν
616 3526 709 3606 ἀγορᾷ
722 3521 763 3584 ἐπὶ
779 3524 840 3595 ταῖς
854 3519 1013 3606 τραπέζαις.
1047 3518 1137 3583 Dion
1155 3519 1278 3607 Chrys.

233 3627 291 3691 Or.
316 3647 349 3710 p.
364 3645 383 3709 5
385 3640 439 3709 57.
458 3626 506 3688 C:
531 3622 559 3701 ἦν
574 3626 600 3687 δὲ
615 3621 714 3686 τᾶλλα
731 3627 772 3708 τῷ
784 3621 875 3708 τρόπῳ
890 3623 972 3695 κοινὸς
987 3620 1033 3700 καὶ
1048 3619 1247 3707 φιλάνθρωπος
1266 3631 1280 3686 ὁ

233 3726 398 3814 Σωκράτης,
417 3728 463 3806 rol
480 3733 619 3812 τταρέιχεν
633 3727 714 3789 αὑτὸν
733 3727 789 3798 τοῖς
802 3722 1123 3809 βαλομένοιςττροτεῖναρ
1143 3724 1193 3803 καὶ
1215 3730 1281 3790 δια·

232 3829 369 3914 λέγεῶαρ·
394 3828 465 3913 περί
486 3853 516 3890 τε
539 3831 587 3905 τὴν
613 3830 719 3913 ἀγορὰν
740 3831 779 3889 τοὶ
798 3831 902 3888 πολλοὶ
924 3823 1078 3912 διατρίέαν,
1102 3824 1151 3904 κα)
1172 3832 1210 3902 εἰς
1230 3836 1284 3903 τοίς

232 3930 401 4015 παλαῖςρας
424 3926 529 4005 εἰσιὼν,
547 3928 594 3990 καὶ
615 3931 689 4014 πρὸς
711 3931 772 4000 ταῖς
795 3924 943 4012 τραπέζαις
965 3924 1162 4005 καθεζόμενος.
1203 3930 1285 3994 Ari-

161 4097 164 4120 ι
233 4030 324 4094 stides
340 4030 430 4096 Orat.
447 4028 527 4093 Plat.
545 4030 587 4092 ll.
602 4029 642 4092 Τ.
655 4029 699 4092 ll.
720 4049 754 4112 p.
773 4047 852 4112 134:
876 4027 949 4090 Ου’ὃὲ
963 4030 1021 4112 γὰρ
1036 4025 1183 4114 Σωκράτη
1202 4032 1288 4112 φαίην

232 4131 265 4196 alr
284 4132 387 4217 ἔγωγε,
408 4132 577 4209 ὡςέποίητεν
594 4130 744 4209 Ἀθαναίας
762 4128 855 4206 mir
873 4129 919 4210 ml
936 4129 1100 4210 φιλονείκνις,
1114 4127 1159 4194 ὅτι
1175 4139 1289 4208 πλεῖς-α

232 4235 383 4310 Ἀθηναίων
397 4237 438 4298 ἐπὶ
453 4244 507 4298 τοῖιν
521 4240 660 4320 τραπεζῶν
681 4235 727 4298 καὶ
742 4242 796 4303 τῶν
809 4233 978 4320 ἐργαςηρίνιν
998 4232 1142 4318 διελέγετο
1164 4237 1189 4325 a}
1209 4243 1288 4325 πρὸς
