2684 4762
293 308 348 366 DE
362 308 546 366 DISCERN.
560 309 682 366 ADUL.
697 309 748 365 AB
764 307 907 366 nilico.
921 325 950 382 p.
957 306 1045 376 7413.
1123 312 1186 374 ⁵⁴7.

151 468 296 555 sulpicio,
312 470 382 533 haec
399 471 492 534 verba
514 469 602 534 vela
625 468 825 534 Plutarcho
819 483 863 532 rta
884 472 910 529 ἐν
931 494 970 553 τῳ
957 466 1099 551 Δείπνῳ
1121 488 1181 530 no·
1188 528 1191 533 .

150 570 229 633 mim
220 570 382 654 Σοφοκλεῖ
393 571 544 658 subjecia,
568 572 615 636 vel
637 572 808 658 aquodam
830 570 933 634 librar
927 593 956 634 ro
956 531 1114 657 profetia
1129 569 1180 632 fu-

149 670 248 855 isse74.
260 773 298 837 B.
321 777 350 836 οὔ
363 773 448 856 μένειν
463 775 572 859 nonin]
600 772 761 853 Aristides,
777 772 832 860 qui
854 771 937 838 hanc
959 772 1000 837 ad
1019 771 1182 837 Achillem

150 871 346 958 legationem
373 874 480 938 Iliadis
507 875 563 939 lib.
584 877 644 938 IX.
670 874 828 961 proditam
857 875 891 938 in
917 871 1183 937 declamationem

151 972 321 1051 convertit,
335 975 372 1037 T.
390 976 434 1038 ΙΙ.
458 996 491 1060 p.
506 995 547 1056 42
549 992 580 1060 5.
596 976 673 1040 item
687 974 854 1059 Sophoclis
871 975 904 1038 in
922 975 1029 1039 animo
1044 975 1185 1038 habuiffe

151 1074 277 1139 uidetur
298 1077 460 1142 fabulam:
484 1091 570 1142 certe
584 1077 665 1141 duos
685 1077 783 1140 habet
804 1077 904 1154 locos,
924 1098 1061 1162 quorum
1083 1075 1185 1138 altero
1294 1074 1303 1125 s

151 1175 285 1239 alteram
299 1177 469 1241 leciioncm
484 1179 668 1241 confirmes:
686 1176 794 1255 veluti,
808 1179 827 1239 ἐ’
839 1176 936 1259 μένειν,
954 1198 987 1262 p.
998 1196 1060 1259 435
1075 1202 1082 1239 ι
1107 1179 1186 1236 ἀλλὰ

151 1275 182 1338 τό
195 1279 312 1355 pinaria
326 1285 350 1341 ol
362 1285 452 1365 Τρῶες
465 1305 474 1357 ;
499 1282 565 1342 ἀλλ’
580 1284 621 1358 οὐ,
636 1280 742 1362 φεύγειν
756 1304 788 1341 σε
803 1278 973 1361 φοόοόμενον,
994 1284 1096 1364 ὁρῶντα
1109 1281 1184 1339 οὐδε-

151 1377 220 1460 μόαν
232 1379 370 1467 σωτηρίαν
385 1385 430 1443 ἐὰν
444 1381 539 1466 μόνῃςι
563 1381 699 1444 alterum
713 1380 851 1462 θυμαίνειν
865 1401 898 1465 p.
909 1399 990 1464 437:
1014 1380 1046 1442 oi
1062 1380 1088 1440 l}
1104 1381 1185 1441 ἀπει-

153 1481 199 1539 λεῖ
213 1476 350 1565 (Ἕκτωρ)
339 1481 534 1560 masnilium
557 1481 696 1557 λῆψεῶας·
719 1479 826 1552 παντως
851 1481 877 1541 δὲ
899 1481 956 1542 οὐδὲ
978 1480 1024 1540 τὸν
1046 1477 1186 1563 Δάρδανον

153 1604 201 1640 τον
216 1587 312 1642 ἑαυτου
298 1581 467 1665 πρόγονον,
490 1581 606 1644 οὐδὲν
583 1605 647 1657 εινας
665 1580 753 1666 χείρω
774 1589 822 1644 τοῦ
842 1585 949 1644 Αἰακοῦ
964 1606 1012 1643 τοο
998 1587 1086 1643 ”σοῦ·
1110 1578 1142 1643 σε’
1154 1602 1187 1640 τι

154 1680 351 1759 σκῆπόεθαρ
322 1706 369 1758 την
384 1706 471 1761 μηνιν,
487 1707 519 1743 το
508 1682 559 1742 δὲ
576 1682 689 1757 ἀληθὲς,
704 1682 785 1743 αὐτὸν
798 1683 926 1765 ὀρρωδεῖν.

199 1796 251 1864 74.
266 1781 305 1842 Β.
327 1806 422 1864 napo?
423 1780 513 1861 μῶσι]
537 1779 689 1866 impellere
700 1779 822 1864 soant
852 1779 963 1864 saepe
957 1802 988 1842 m
1010 1778 1105 1844 laude
1127 1802 1187 1866 po·
1215 1772 1216 1776 Ἰ

156 1880 244 1945 nitur
260 1880 353 1943 tertia
368 1882 500 1966 persona
514 1879 642 1965 pluralis
657 1825 822 1945 indicativi
832 1879 994 1965 praesentis
1014 1880 1125 1962 acliti:
1148 1878 1193 1971 do

156 2004 222 2067 quo
236 1982 294 2045 usu
309 1980 487 2044 notavimus
501 1980 648 2066 quaedam
663 1980 703 2043 ad
718 2003 749 2065 p.
763 2000 817 2064 50·
831 1981 870 2044 B.

201 2084 303 2166 74..ss
327 2081 522 2165 ἐξεταζόμενοι]
547 2082 707 2168 praebentis
720 2085 768 2167 sc,
789 2081 953 2144 exhibentes
964 2075 1014 2168 se.
1052 2083 1200 2168 Elegatts'
1236 2108 1261 2128 ‘-

156 2185 233 2248 usus
249 2184 334 2248 verbi
349 2184 514 2247 inserviens
535 2183 715 2268 periphrafi,
736 2205 794 2344 pro
809 2181 891 2261 ὄντες,
907 2183 981 2247 sed
974 2199 1031 2262 ita,
1049 2200 1084 2249 ut
1099 2185 1189 2248 notio

147 2284 262 2370 samae,
278 2284 460 2370 cognitionis,
476 2297 510 2347 et
521 2283 634 2368 judicii
652 2283 780 2370 apud}
748 2308 765 2344 a
781 2284 821 2345 ios
835 2283 972 2364 homines,
988 2285 1099 2349 subsit:
1115 2287 1190 2372 spe-

158 2385 247 2464 Hori,
262 2385 368 2471 carneri
388 2385 420 2446 in
442 2383 542 2470 aliquo
562 2384 675 2462 ordine,
694 2384 835 2469 cognosci,
851 2385 1046 2470 spedondnm
1058 2387 1095 2471 se
1105 2400 1190 2471 prae·

159 2485 238 2561 bere,
254 2485 415 2568 osanam.-
437 2484 626 2568 Plutarchus
638 2484 721 2548 Adv.
737 2485 836 2548 Stoic.
852 2508 885 2569 p.
901 2488 993 2571 1069.
1010 2486 1058 2550 C:
1082 2490 1108 2548 ἓν
1123 2486 1189 2550 τιό-

158 2611 214 2659 τοις
228 2586 397 2666 ἐξετάζονται
411 2591 466 2659 τοῖς
479 2585 641 2671 ἀδιαφόροις,
660 2586 689 2648 in
705 2587 751 2649 his
765 2587 1002 2674 indifferentibus
1014 2613 1109 2652 eorum
1119 2588 1192 2674 stn-

159 2686 242 2749 dium
269 2686 456 2771 cognoscitur.
498 2686 611 2750 AEnril.
637 2686 744 2751 Paulo·
760 2708 792 2772 p.
815 2705 887 2771 275.
909 2690 947 2753 Β.
987 2690 1193 2753 Alexandrum

162 2787 261 2872 Persei
269 2787 376 2872 filium
389 2788 487 2866 aiunt,
507 2789 763 2871 ὑπογραμματεύειν
784 2794 838 2860 τοῖς
853 2788 976 2875 ἄρχωσιν
998 2791 1123 2867 ἐπιδέξιον
1145 2795 1193 2855 καὶ

159 2887 299 2974 χαρίεντα
310 2888 369 2973 περὶ
384 2886 485 2972 ταύτην
505 2892 553 2964 τὴν
576 2887 720 2972 ὑπηρεσίαν
742 2888 942 2969 ἐξεταζόμενον,
955 2891 1088 2977 scribam
1098 2893 1156 2976 fiai
1179 2918 1195 2956 a

161 2985 380 3073 magistralibus
394 2987 426 3048 in
442 3009 529 3072 eoque
544 2985 695 3070 ministerio
714 2987 864 3049 dexterum
880 3001 907 3052 ct
929 2989 1033 3052 bonnm
1048 2989 1194 3075 cognitum

164 3087 227 3170 effi.
266 3084 418 3170 Pompeio
439 3105 472 3169 p.
483 3086 558 3147 626.
576 3083 626 3147 C:
651 3083 746 3168 ἔχαιρε
760 3088 817 3169 γὰρ
832 3088 907 3169 αὐτῷ
921 3091 934 3147 ὁ
949 3089 1028 3167 δῆμος
1041 3092 1115 3168 μετα
1128 3086 1199 3173 &pfl

164 3185 252 3269 αμόον
273 3191 299 3249 ἐν
319 3190 375 3260 τοῖς
398 3189 513 3259 ἱππικοῖς
535 3184 726 3269 ἐξεταζομένῳ·
751 3187 832 3270 quod
840 3187 878 3272 se
898 3186 929 3248 in
949 3187 1112 3273 Equitibus
1125 3211 1192 3250 cen-

154 3287 283 3372 jindum
295 3285 465 3373 praeberet:
489 3307 683 3370 quamquam
699 3285 768 3349 haec
783 3286 886 3372 magis
901 3287 941 3350 ad
956 3288 1116 3372 propriam
1131 3289 1192 3375 sig-

165 3385 379 3449 nificationem
402 3384 538 3462 accedit,
563 3397 600 3447 ut
625 3406 656 3470 p.
673 3387 747 3468 630.
764 3386 801 3448 B.
841 3385 894 3450 Ad
916 3410 983 3451 rem
1005 3388 1193 3473 praesentem

167 3485 305 3571 pertinet
327 3485 558 3549 Demosthenes
583 3485 672 3549 Orat.
701 3487 752 3549 Dc
779 3485 863 3550 Falsa
889 3490 969 3574 [eg.
992 3511 1024 3574 p.
1046 3508 1119 3570 214.
1142 3490 1191 3554 C:

164 3592 239 3668 μετὰ
261 3596 315 3649 τῶν
338 3589 418 3668 μηδὲν
444 3584 605 3664 ἠδικηκότων
627 3585 804 3667 ἐξετάζεθαι,
821 3589 966 3675 spellari,
995 3590 1098 3654 baberi
1119 3584 1203 3668 inter¹

166 3689 347 3767 innocentc53
370 3687 448 3751 item
462 3687 537 3751 alibi
552 3687 675 3771 saepius.
699 3687 790 3752 Philo
803 3689 880 3753 Jud.
895 3712 947 3775 ap.
962 3692 1077 3756 Euseb.
1094 3695 1195 3778 Praep.

166 3794 224 3855 Eu.
240 3793 335 3856 VIII.
357 3812 389 3876 p.
403 3809 478 3877 379.
493 3792 545 3855 D:
570 3789 696 3852 ἐπανίασι
709 3790 855 3877 χαόροντες
869 3797 923 3878 οὐχ
937 3794 1009 3871 ἦτόον
1021 3803 1075 3858 τῶν
1095 3801 1122 3858 ἐν
1141 3801 1197 3872 τοῖς
1229 3818 1233 3827 ’

166 3895 307 3976 γυμνικοῖς
322 3890 517 3971 ἐξεταζομένων
530 3894 648 3972 ἀγῶσιν·
672 3914 760 3976 quam
774 3890 808 3968 ii,
824 3891 875 3978 qui
889 3894 1046 3979 versantur
1060 3894 1091 3956 in
1106 3920 1197 3981 gym-

168 3993 241 4056 nicis
259 3991 475 4056 certaminibus.
510 3989 673 4053 Maximus
693 3989 736 4052 ib.
751 3991 829 4054 Vll.
853 4012 886 4076 p.
900 4009 975 4077 337.
990 3994 1045 4058 D:
1069 3995 1199 4059 ἀδύνατον

168 4099 226 4180 γὰρ
249 4097 275 4156 ἓν
296 4080 419 4164 διαςόισει
440 4091 607 4173 ἐξετάζεθαο
630 4090 687 4152 οἰτό
705 4115 786 4170 τινος,
808 4093 844 4154 ἐκ
866 4092 938 4167 ὄντος
960 4094 1038 4182 ἑτέρα
1060 4098 1126 4158 καθ’
1147 4094 1198 4173 iil

169 4192 295 4269 διότασις
310 4192 426 4280 ἑιιατὲριι
449 4192 575 4278 γίνεται
599 4213 656 4255 raon
672 4189 761 4277 pohst
774 4191 849 4280 qnid
869 4192 900 4258 in
923 4192 1061 4281 dstantia
1082 4194 1121 4260 ab
1142 4194 1200 4262 alio

642 4310 700 4355 n'n
719 4308 737 4357 2
