2684 4762
224 359 280 423 198
366 350 403 408 D.
418 344 470 410 W.
490 353 699 413 ANIMADV.
721 352 768 414 IN
788 353 1017 414 PLurarrcru
1039 346 1112 413 ΜΒ.

222 511 408 578 facientium
432 520 540 602 ςροφὴν,
556 521 726 603 ἁντιςροφὴν,
748 518 844 603 ἐπῳδὸν
858 540 923 582 non
941 517 1001 581 esse
1019 516 1143 581 fontem
1159 513 1259 602 hujuo

222 615 469 701 fignificarionis‚
495 618 547 682 sed
573 619 692 682 socium
717 619 851 683 rivulum
878 642 897 683 a
920 618 1047 705 propria
1068 615 1156 681 verbi
1177 621 1255 679 ἄντι-

208 715 324 804 ’ςρόφειν
339 719 367 780 vi
381 719 580 806 reciprocandi
594 720 784 806 proseciurn.
821 724 868 785 Er
883 720 994 785 eadem
1013 722 1116 784 forma
1130 717 1256 803 expres·

208 817 291 880 ¹sum
313 819 355 881 est
378 818 440 882 hoc
464 818 626 883 Plutarchi
648 821 862 906 comparantis
884 821 1050 883 memoriam
1064 817 1258 894 ιίὶωίιισίίοιιὶ,

222 917 255 981 in
270 917 351 982 libro
365 918 405 983 de
425 921 564 985 Defeou
579 922 675 986 Orac.
698 943 730 1008 p.
745 941 820 1007 432.
837 925 880 986 A.
901 942 1035 1006 eamque
1055 917 1197 983 vocantis
1211 922 1257 991 τῆς

220 1021 316 1104 ψυχῆς
328 1024 377 1098 τὴν
390 1020 548 1108 ἀντίςροφον
566 1027 600 1108 τῇ
612 1028 731 1106 μαντικῇ
745 1023 866 1104 δύναμιν,
882 1021 912 1098 ἢν
925 1021 1029 1102 μνήμην
1043 1025 1182 1099 καλοῖμεν.
1216 1019 1258 1081 Et

151 1134 158 1148 “
220 1117 291 1184 aliia
312 1120 392 1184 locis
414 1123 518 1186 utitur
542 1122 695 1186 nomine:
719 1123 805 1208 Opp.
825 1127 912 1188 Mor.
935 1143 968 1206 p.
987 1140 1057 1199 140.
1074 1121 1111 1182 Ε.
1135 1119 1172 1180 dc
1190 1142 1257 1181 ma·

220 1220 278 1304 rito
292 1233 320 1284 et
331 1247 431 1302 rmore,
449 1221 566 1311 ἑκατέρω
585 1227 632 1300 τὴν
652 1220 752 1286 εὔνοιαν
766 1223 923 1309 ἀντίςροφον
942 1221 1120 1298 ἀποδιδόντος,
1135 1243 1259 1306 quorum

219 1334 343 1410 uterque
367 1323 455 1387 alteri
476 1325 649 1411 reciprocam
672 1325 762 1410 refert
786 1323 1037 1388 benevolentiam:
1066 1344 1099 1407 p.
1114 1322 1191 1402 446.
1207 1321 1257 1384 C:

210 1432 236 1501 i]
256 1427 306 1506 μὲν
329 1423 360 1488 δν
382 1426 508 1513 ἀκρασία
525 1428 630 1502 ταύτας
651 1427 709 1514 ἔχει
728 1430 854 1512 διαφορὰς
873 1429 938 1514 πρὸς
955 1432 1004 1506 τὴν
1016 1424 1186 1506 ἀκολασίαν,
1201 1433 1217 1501 ἡ
1231 1425 1256 1486 δ“

207 1526 373 1612 -ἐγκρότεια
390 1531 462 1613 πρὸς
483 1531 529 1604 την
552 1530 721 1614 σωφροσύνην
742 1528 821 1603 αὖθις
842 1527 878 1591 αὖ
899 1534 950 1602 τοὶς
970 1527 1133 1615 ἁντιςρόφως
1153 1525 1257 1588 όιναλό-

213 1652 291 1711 Ιμοις.
320 1650 353 1714 p.
369 1632 443 1713 632.
459 1631 509 1694 D:
534 1630 691 1717 ἁντίςροφον
708 1627 739 1693 ἓν
759 1631 827 1694 ἔοικε
840 1630 917 1716 γένος
931 1628 995 1709 sirm
1009 1629 1140 1717 εἰρωνείας
1152 1630 1185 1692 ri
1198 1630 1258 1714 περί

221 1728 272 1804 mig
287 1729 406 1806 ἐπαίνοις.
430 1754 463 1817 p.
477 1733 551 1818 855.
567 1734 611 1798 D.
635 1736 708 1819 936.
724 1734 768 1797 D.
807 1733 946 1799 Camillo
966 1755 998 1818 p.
1016 1752 1086 1817 131.
1104 1735 1139 1796 F.
1154 1735 1259 1812 -ἦμῖν

220 1832 378 1921 ἇντίςροφος
395 1833 530 1917 όφείλετοη
543 1842 590 1912 τῆς
604 1836 748 1922 παρούσης
763 1835 868 1917 νέμεσις
882 1835 1039 1922 εὐπραξίας.
1072 1833 1162 1899 Plato
1177 1837 1257 1919 Leg.

221 1935 301 1998 Xll.
322 1957 355 2021 p.
370 1938 444 2024 689.
460 1939 511 2003 G:
534 1942 590 2012 τοῖς
610 1939 678 2025 megi
700 1940 746 2001 τδν
766 1937 893 2018 πτόλεμον
915 1935 1072 2022 ἕιντίςροφον
1094 1935 1258 2009 ἀποδιδόντες

221 2038 296 2118 δόξης
313 2047 509 2130 παρασκευὴν,
531 2042 552 2106 i.
566 2065 595 2108 e.
621 2041 735 2105 bcllr'cae
753 2041 839 2105 laudi
860 2055 961 2128 parem
975 2040 1127 2102 reddentes
1143 2039 1259 2103 civilem

221 2140 352 2205 laudem.
389 2143 464 2207 ibid.
489 2165 521 2229 p.
537 2145 611 2229 690.
627 2144 672 2207 H.
708 2141 906 2206 Advcrbium
928 2139 1093 2227 ἇντιςρόφως
1114 2139 1193 2203 item
1217 2140 1259 2202 est

205 2243 254 2306 ·in
279 2244 442 2309 Plutarchi
457 2246 543 2330 Opp.
558 2247 645 2308 Mor.
663 2266 695 2329 p.
707 2245 782 2328 558.
794 2244 833 2306 C.
857 2245 931 2306 660.
944 2245 982 2306 E.
1006 2260 1079 2327 905.
1091 2244 1135 2306 D.
1173 2245 1259 2329 Ergo

221 2345 267 2408 ris
282 2345 421 2408 nominis
435 2346 489 2424 est,
509 2361 582 2432 par,
604 2345 776 2432 reciprocus,
795 2344 835 2407 ab
855 2342 953 2407 altera
971 2357 1057 2430 parte
1075 2344 1258 2430 rcypondens,

220 2445 321 2510 veluti
335 2448 406 2510 duae
416 2447 532 2533 sormae
547 2447 671 2534 ry'rgsdem
684 2447 813 2534 generis.
845 2449 882 2512 In
897 2445 1092 2533 ponderibus
1107 2447 1149 2510 est
1164 2446 1257 2533 ἀντίρ-

222 2554 311 2633 ροπός,
327 2547 358 2610 in
374 2547 540 2612 ordinibus
554 2548 731 2634 όιντίςοιχος;
759 2548 790 2611 in
805 2548 874 2612 allis
888 2547 959 2611 alla.

269 2665 317 2732 17.
334 2653 369 2713 F.
394 2649 553 2735 ζωγραφίαν
573 2651 623 2731 μὲν
646 2650 709 2729 sinon
731 2649 910 2733 φθεγίομένην
931 2653 979 2726 τὴν
999 2646 1125 2728 πτοίησιν,
1147 2649 1258 2725 ποίησιν

222 2751 248 2812 δὲ
263 2760 390 2833 σιγῶσαν
405 2754 452 2828 τὴν
467 2751 638 2837 ζωγραφίαν]
664 2752 788 2815 Addito
802 2753 930 2817 auclore
948 2751 1113 2817 Simonide
1133 2775 1257 2816 merno-

222 2865 271 2916 rat
292 2853 480 2917 Plutarchus
494 2851 533 2917 de
549 2852 659 2917 Gloria
672 2854 795 2918 Athen.
817 2876 849 2940 p.
863 2857 937 2941 346.
954 2858 996 2918 F:
1021 2855 1200 2935 ὀΣιμωνιδης
1213 2859 1258 2932 τὴν

225 2954 275 3037 μὲν
299 2956 454 3042 ζωγραφίαν
477 2955 582 3033 ποίησιν
607 2964 755 3019 σιωπῶσαν
778 2957 1007 3044 προσαγορεύων,
1029 2959 1076 3032 τὴν
1095 2958 1123 3018 δὲ
1146 2957 1258 3034 πτοίησιν

223 3059 381 3147 ζωγραφίαν
407 3065 550 3122 λαλὲσαν.
594 3059 741 3146 Sympos.
758 3060 818 3121 IX.
837 3078 887 3143 15.
911 3080 943 3143 p.
961 3059 1033 3141 748.
1049 3059 1093 3122 Α.
1116 3056 1190 3122 loco
1212 3058 1256 3121 vl·

206 3162 313 3227 ⁴tioso.
350 3164 401 3227 Dc
425 3162 569 3226 Discern.
587 3160 687 3225 Adul.
706 3161 747 3225 ab
760 3160 878 3225 Amico
897 3181 929 3244 p.
946 3161 1001 3243 58.
1016 3161 1066 3224 B:
1090 3159 1149 3222 ίνιοι
1168 3162 1196 3223 δὲ
1214 3163 1260 3237 τὴν

110 3332 112 3339 ,
209 3264 379 3351 ’ζωγραφίαν
393 3272 540 3326 σιωπῶσαν
554 3260 721 3346 όιπεφῇναντο
736 3261 892 3339 ποιητικήν.
928 3258 1258 3325 Pseudo-Plutarchus

206 3363 263 3426 ‘de
282 3365 359 3427 Vita
378 3363 513 3428 Homeri
536 3362 567 3447 §.
584 3364 657 3429 216.
680 3382 713 3448 p.
727 3381 803 3443 401.
826 3360 903 3425 edit.
920 3359 1031 3426 Galei:
1056 3364 1093 3424 Er
1106 3360 1134 3422 δὲ
1147 3357 1193 3438 ml
1208 3367 1258 3430 ζο-

210 3464 345 3550 ’γραφίοις
359 3464 524 3527 διδάσκαλον
538 3461 662 3550 Ὅμηρον
684 3462 748 3543 φαίη
769 3489 822 3541 τις,
846 3464 881 3525 ἐκ
900 3460 933 3525 οἲν
954 3463 1118 3547 ἁμαρτάνοι·
1142 3458 1189 3541 καὶ
1202 3465 1259 3546 γὰρ

223 3563 281 3626 τίπέ
303 3591 344 3637 τις
362 3574 415 3627 τῶν
436 3573 535 3646 σοφῶν,
559 3563 598 3626 ότι
622 3565 676 3636 ἓςδν
695 3571 710 3641 ἡ
731 3567 863 3640 ποιητικὴ
884 3561 1027 3650 ζωγραφία
1046 3569 1177 3642 λαλὲσα,
1198 3570 1214 3640 ἦ
1234 3562 1261 3625 δὲ

224 3664 369 3750 ζωγραφία
382 3671 512 3741 ommni.
529 3674 675 3728 σιωπῶσα.
711 3665 836 3729 Αυᾶοῐ
849 3663 891 3728 ad
905 3665 1050 3727 Herenn.
1067 3665 1124 3729 IV.
1141 3666 1201 3730 28:
1228 3665 1261 3729 Si

210 3782 322 3854 ‘poema
346 3763 465 3853 loquens
485 3764 604 3852 picium
619 3764 656 3851 est
665 3791 675 3845 3
697 3768 816 3854 ρι’ὅίιινα
832 3766 955 3830 tacitum
973 3778 1076 3852 poema
1092 3767 1178 3829 debet
1197 3769 1261 3853 effe.

224 3869 267 3932 Et
279 3869 424 3931 imitatus
438 3864 562 3930 videtur
578 3863 693 3932 Cicero
709 3871 788 3954 Leg.
804 3869 866 3931 III.
885 3888 898 3931 1
915 3893 923 3932 r
948 3890 1074 3954 vereque
1088 3866 1147 3930 dici
1162 3866 1260 3953 potest,

223 3967 427 4055 mogistrnncm
443 3970 496 4055 affe
509 3966 603 4054 legem
617 3968 789 4055 loqunrtem,
809 3969 902 4056 legem
922 3980 1021 4032 autem
1035 3978 1148 4031 mutum
1163 3969 1261 4056 magi·

212 4070 360 4155 stratum.-
383 4091 479 4157 quem
494 4068 534 4132 ad
548 4069 656 4134 locum
671 4070 855 4136 consulatur
868 4071 911 4134 A.
923 4070 1102 4134 Turnebus.

267 4193 300 4257 p.
318 4174 367 4236 18.
383 4173 425 4237 A.
448 4173 626 4254 θαυμάζομεν
640 4176 694 4258 οὐχ
708 4174 743 4247 νίς
758 4173 855 4250 καλὸν,
871 4175 937 4234 ἀλλ’
951 4174 986 4245 ὥς
1000 4169 1101 4257 όμοιον]
1129 4173 1262 4251 Rerum,

206 4284 303 4360 *quas
324 4273 405 4358 ipsas
424 4273 604 4339 aversamur
625 4285 660 4338 et
680 4273 894 4362 aspernamur,
918 4285 1027 4340 tamen
1048 4271 1209 4361 imagines
1228 4285 1262 4337 et
