2684 4762
149 303 209 361 sao
291 292 391 362 D.W.
412 299 619 361 ANIMADV.
639 301 686 361 IN
705 298 934 360 PLUTARCHI
953 299 1028 360 1111.

31 504 35 508 ·
151 460 264 527 Philos.
286 483 319 549 p.
337 464 416 527 166:
438 464 550 542 Οἰκήϊον
572 462 721 547 ἐλευθερίης
742 462 895 550 παρρησίη,
919 462 1032 536 κίνδυνος
1054 461 1082 524 δῖ
1102 466 1118 538 ἡ
1139 467 1176 522 τῦ

150 570 243 646 καιροῦ
264 565 419 648 διάγνωσις.
460 563 661 629 Adhibentur
685 563 776 629 Philo
799 563 875 630 Jud.
897 565 949 629 De
974 561 1117 630 somniis
1142 583 1174 648 p.

149 683 244 749 1119.
259 664 373 731 B—D.

191 767 243 828 68.
258 765 298 831 C.
321 766 409 852 Εὖδῖᾳ
427 773 484 852 γὰρ
501 766 596 851 ἐνάγει
618 765 892 851 νέφος-πρόσωπον]
905 764 1017 842 ‘hetta
1040 762 1109 827 cali
1120 765 1183 851 se·

150 865 271 944 rostras,
292 865 508 951 metaphorice
533 866 699 951 usurpatur
720 864 760 927 de
780 864 872 926 animi
892 863 1051 954 vulliesqae
1064 862 1176 926 hilari·

151 976 223 1030 tate.
257 966 384 1031 Consol.
399 967 552 1053 Apollon.
566 988 600 1053 p.
620 967 690 1031 118.
706 969 744 1031 Ε.
774 965 883 1029 Anim.
899 967 1015 1050 Tranq.
1031 965 1172 1048 477.·A:

150 1066 237 1130 εὐδίαν
253 1066 377 1158 παρέχοι
398 1068 451 1153 §lp
473 1066 518 1148 aul
537 1066 668 1151 γαλήνην.
708 1065 808 1130 Sanlt.
830 1064 954 1128 Tuend.
977 1085 1010 1148 p.
1030 1065 1103 1128 126.
1125 1063 1174 1127 C:

150 1165 271 1251 ἔνεύδῖρ
291 1169 392 1254 capric
413 1165 460 1245 aa}
479 1167 596 1253 γαλὴνρ.
633 1165 760 1230 Consol.
782 1167 881 1229 Uxor.
898 1167 972 1228 610.
985 1164 1025 1228 Β.
1060 1166 1173 1249 Symp.

151 1267 209 1331 IV.
231 1290 265 1355 p.
278 1269 354 1333 662.
377 1268 417 1333 C.
444 1270 502 1333 VI.
516 1269 590 1332 686.
611 1269 649 1332 B.
684 1269 768 1334 Adv.
791 1265 918 1353 Epicur.
941 1287 1035 1352 1090.
1051 1267 1091 1330 B.
1129 1266 1175 1330 At

150 1368 358 1451 contrasIcoq,
374 1369 475 1448 nubes,
497 1368 656 1456 tristitiam,
678 1381 786 1432 notat:
809 1369 849 1433 de
871 1389 935 1453 quo
956 1368 1109 1432 Erasmus
1124 1369 1173 1432 A·

150 1465 224 1554 dag.
238 1490 271 1555 p.
287 1470 358 1555 189.
385 1469 559 1534 Lambinus
572 1469 697 1556 copiosa
710 1469 751 1532 ad
764 1468 892 1532 Horatii
907 1469 1001 1554 Epist.
1015 1469 1043 1531 I.
1059 1469 1110 1532 18.
1120 1489 1172 1554 94.

150 1568 244 1631 Deme
253 1568 413 1656 supercilio
426 1570 552 1634 ambem:
574 1569 697 1634 brevius
713 1568 941 1634 Valckenarius
956 1569 996 1634 ad
1011 1570 1174 1655 Euripidis

149 1668 284 1754 Hippol.
303 1690 374 1757 173.
411 1672 462 1738 Sic
484 1673 680 1738 Nicostratus
702 1694 753 1758 ap.
776 1671 867 1735 Stob.
892 1673 994 1736 Serm.
1016 1673 1174 1741 LXVIII.

150 1791 184 1856 p.
204 1789 288 1856 4251
321 1778 334 1836 i
357 1773 384 1837 δι’
403 1800 438 1859 γι
460 1773 585 1858 συνάγων
606 1778 656 1846 τοὶς
676 1777 765 1858 ὀφρῦς,
787 1771 883 1847 σκαιός
904 1777 969 1844 isus·
993 1772 1042 1854 να)
1059 1772 1113 1858 inp
1127 1777 1174 1835 οὐκ

11 1878 14 1883 ’
151 1877 262 1936 ἐπαιδεῖ
275 1874 396 1959 ἐρύθημα
409 1879 488 1938 ἀλλὰ
500 1874 596 1949 σκότος
608 1900 640 1937 τε
654 1872 700 1953 xor}
713 1872 797 1955 νέφος,
810 1871 883 1937 τιν’τε
899 1884 929 1936 ’τε
945 1880 960 1951 ἡ
976 1876 1058 1960 ψυχὴ
1072 1876 1175 1954 οὐδαμῆ

151 1975 272 2054 ehorp&
290 1973 465 2061 εὐφραίνετο.
502 1976 540 2038 In
561 1974 703 2038 convivio
717 1988 751 2036 et
765 1973 837 2036 vino
851 1973 908 2060 qui
922 1975 1080 2038 sermones
1094 1995 1175 2037 con·

150 2069 280 2158 grhant,
297 2074 442 2161 jucunda
462 2076 505 2141 est
526 2073 698 2162 disputatio
720 2073 883 2138 Plutarchi
907 2074 1053 2161 Sympos.
1080 2075 1126 2137 ll.
1144 2093 1174 2136 1.

151 2274 247 2354 νότων,
264 2277 325 2340 Ill.
341 2299 373 2360 9.
395 2299 428 2364 p.
443 2279 518 2361 657.
534 2275 575 2341 C.
613 2274 776 2361 Philippus
792 2279 817 2337 ὲν
830 2273 982 2358 Χαιρωνείᾳ
997 2278 1104 2336 πολλοὶ
1122 2289 1174 2352 λη-

151 2378 395 2463 &surripi-8951}
411 2377 607 2462 καταγέλαςος
627 2375 674 2456 ὢν,
689 2375 751 2457 ἅμα
771 2381 811 2459 τῷ
831 2379 996 2460 προπεσεῖν
1016 2378 1094 2459 αὐτῷ
1107 2377 1176 2460 περὶ

150 2479 267 2541 σπονδῶν
279 2479 300 2564 ’lt
315 2480 422 2562 εἰρήνης,
439 2477 516 2557 iesca
530 2479 562 2541 τδ
576 2477 724 2566 πρόσωπον
737 2477 758 2561 'i
772 2476 912 2559 συνήγαγε
924 2478 976 2549 τοὶς
990 2479 1124 2561 δφρῡς-.

192 2581 245 2642 68.
260 2582 303 2644 D.
323 2587 364 2665 τῷ
376 2579 466 2666 Antip
480 2584 547 2664 θεῷ,
562 2578 608 2657 καὶ
620 2578 828 2641 λύοντι-κατὰ
845 2575 1005 2663 Πίνδαρον]
1024 2576 1085 2640 Nil
1099 2600 1174 2642 mu·

150 2678 213 2742 tavi
234 2679 266 2743 in
288 2679 389 2766 Λοδῐρ,
410 2679 496 2766 quod
520 2680 647 2744 codices
666 2678 710 2741 nil
728 2677 841 2742 melius
862 2679 1034 2743 afferrent:
1058 2702 1173 2766 quam·

151 2802 247 2865 quam
266 2780 455 2844 mutandum
478 2782 509 2844 in
532 2780 627 2865 Λοοίφ
648 2779 696 2844 vel
718 2779 824 2874 Λυαίρ.
862 2783 1045 2868 Utrumque
1061 2783 1175 2870 jungit

152 2882 338 2947 Plutarchus
352 2881 425 2946 loco
437 2882 567 2968 gemino
586 2880 674 2960 huic,
694 2882 838 2967 Sympos.
854 2882 882 2944 Ι.
900 2904 933 2969 p.
948 2887 1023 2967 613.
1040 2884 1087 2947 B:
1113 2888 1176 2950 stit

150 2984 265 3046 πάντων
279 2983 328 3064 μὲν
342 2987 355 3045 ὁ
369 2983 496 3057 Διονύοος
512 2982 614 3057 Λύσιός
635 2988 674 3056 ὶςι
692 2982 738 3061 καὶ
758 2982 866 3062 Λύδιος,
879 2983 990 3064 palma
1004 2986 1032 3047 δὲ
1046 2989 1173 3073 ἀφαιρεῖ-

150 3111 196 3164 ταρ
213 3091 259 3161 τῆς
276 3085 395 3169 γλῶτδης
413 3089 452 3149 τοὶ
468 3090 578 3170 χαλινὰ
590 3085 611 3170 ’lt
624 3083 743 3161 σλεὶςην
756 3083 910 3171 ἐλευθερίαν
928 3089 962 3170 τῇ
983 3093 1053 3172 φωνῇ
1071 3087 1174 3169 Batava,

150 3184 294 3273 ἇὸἔλτερον
313 3186 388 3267 οἶμον
411 3184 592 3265 scitissimos,
617 3189 643 3247 ὂν
667 3184 759 3269 λόγοις
778 3185 970 3265 πλεονάζοντα
988 3190 1081 3273 ναιρδν
1102 3194 1173 3252 ἆτο-

150 3290 300 3373 ςεροῖντῶν
312 3285 410 3371 aphau
427 3283 534 3369 ho'yarv:
557 3283 613 3347 ubl
635 3283 712 3348 item
734 3282 829 3358 Λύδιος
843 3284 1034 3348 mutandum
1056 3287 1090 3350 in
1111 3288 1172 3351 Ari-

150 3410 219 3462 οιιος,
238 3398 276 3447 ut
291 3383 361 3470 jam
381 3383 552 3469 suspicatus
574 3395 641 3447 crat
661 3383 692 3447 J.
709 3381 871 3446 Piersonus
888 3383 1056 3448 Verifimil.
1079 3387 1125 3450 11.
1142 3388 1174 3452 8.

150 3506 183 3570 p.
200 3504 272 3570 230.
309 3486 394 3549 Nam
415 3485 502 3572 quod
513 3485 577 3548 hoc
600 3483 671 3547 loco
692 3483 724 3547 in
747 3483 902 3570 Xylandri
915 3485 1027 3550 notula
1041 3486 1174 3573 legitur,

152 3591 176 3623 “
190 3583 355 3649 Pausanias
370 3585 402 3652 in
416 3585 553 3651 Boeticis
570 3583 664 3659 aliam
684 3582 787 3648 adfert
804 3585 940 3649 caussam
955 3607 1012 3651 cur
1026 3587 1175 3654 Bacchus

151 3690 175 3724 “
189 3684 304 3769 Lydius
316 3684 474 3763 dicatur,”
488 3705 655 3773 operarum
669 3684 713 3746 est
726 3682 854 3763 vitium3
873 3684 1024 3771 fiquidem
1039 3686 1071 3751 in
1091 3689 1175 3753 Pau-

150 3785 233 3853 sania
256 3787 315 3850 tx.
336 3789 385 3849 16.
408 3786 500 3850 Auris
526 3783 648 3850 mentio
669 3783 716 3847 fit.
752 3783 815 3849 Dei
838 3785 1031 3872 cognomina
1053 3787 1176 3854 Bacchi

150 3889 251 3962 Λύσιος
271 3899 305 3951 et
323 3885 433 3951 fimitis
452 3885 560 3971 attigit
573 3887 605 3951 J.
618 3883 772 3972 Taylorus
791 3883 832 3948 ad
850 3885 971 3972 Lysiam
986 3885 1069 3950 Adi.
1085 3888 1174 3952 The·

149 3988 280 4051 omnest.
301 4008 334 4073 p.
354 3987 423 4066 184.
467 3985 567 4060 Λύσιος
589 4007 674 4049 nunc
696 3983 817 4062 malm,
840 3998 877 4050 ut
898 3985 1000 4071 magis
1024 3985 1177 4053 uhtatum

152 4087 320 4152 Plutarcho
332 4100 367 4152 et
380 4085 510 4151 omniuo
524 4086 622 4170 prosae
638 4084 866 4170 Scriptorihus:
889 4108 918 4146 ν.
928 4107 958 4148 c.
985 4086 1070 4170 Opp.
1084 4088 1177 4153 Mor.

150 4211 183 4274 p.
201 4209 272 4275 150.
287 4191 325 4256 B.
349 4191 423 4275 671.
439 4191 477 4255 E.
506 4189 578 4271 716.
594 4188 632 4253 B.
662 4187 754 4270 1076.
770 4186 808 4251 B.
847 4184 972 4252 Pindari
992 4185 1119 4254 diuum
1138 4211 1179 4256 ex
