2684 4762
138 292 141 296 ’
233 339 291 399 ror
369 337 409 397 o.
423 338 476 398 w.
491 337 703 399 annulov.
724 332 1117 402 interminamur.

233 498 325 564 oediis
342 522 473 588 pravum
487 499 650 568 confilium
670 515 704 568 et
725 502 847 568 facinus
868 503 1024 591 probabili
1047 500 1192 569 oratione
1212 499 1258 565 rel

233 602 411 682 excusatur,
425 602 473 669 vel
488 604 742 683 commendatur,
765 618 804 669 ut
824 605 910 692 apud
931 605 1117 691 Euripidem
1136 604 1177 668 ab
1192 603 1257 667 He·

233 703 306 766 lena
328 716 363 767 et
385 702 527 769 Phaedra.
570 705 642 769 Nec
667 707 763 769 Poeta
782 705 872 770 suum
895 705 1072 791 interponit
1087 702 1257 791 judicium.

234 806 348 888 ltaque
362 826 421 869 nos
434 806 571 870 nostrum
587 804 640 891 ipfi
650 804 809 893 judicium
823 827 984 893 apponere
997 805 1168 884 debemus,
1182 805 1270 871 bene,

232 905 471 986 samburne,
485 906 568 972 male
582 907 666 971 faeta
678 905 865 993 vituperare.

278 1006 338 1071 IX.
367 1007 477 1094 Atque
498 1007 554 1072 ubi
573 1006 649 1073 dieti
666 1007 800 1095 alicujus
820 1009 953 1074 obscura
971 1008 1014 1073 est
1035 1008 1117 1073 ratio
1135 1028 1196 1071 uec
1213 1005 1260 1069 di·

233 1107 313 1172 serte
337 1107 457 1187 addita,
479 1130 550 1173 eam
571 1107 625 1198 ipsi
648 1131 788 1195 qua-,rere
811 1109 983 1189 debemus;
1012 1109 1145 1174 habebit
1166 1107 1259 1172 ratio·

233 1230 321 1287 nem,
339 1209 365 1273 sr
386 1231 495 1274 verum
519 1210 582 1290 est3
617 1210 638 1274 sr
667 1233 745 1290 non,
773 1234 837 1276 non
861 1212 1025 1298 apparebit
1045 1210 1148 1275 ratio:
1178 1206 1261 1274 verbi

232 1310 348 1397 gratia
372 1309 496 1375 dietum
516 1311 560 1375 est
579 1312 722 1398 Tragici:
758 1312 868 1376 Animo
889 1314 942 1399 effi
965 1327 1063 1399 parvo
1084 1309 1261 1396 calamitosos

233 1411 380 1476 convenit.
415 1411 471 1477 Ad
484 1410 547 1475 hoc
561 1412 663 1476 statim
678 1412 889 1500 subjiciamus,
909 1415 972 1477 Cur
985 1412 1170 1498 calamitefirr
1189 1427 1260 1500 par·

196 1542 201 1551 ·
233 1537 273 1578 νο
296 1514 350 1599 effe
370 1513 469 1578 animo
491 1511 605 1577 debet?
632 1514 694 1578 Cur
713 1539 772 1579 non
791 1515 886 1602 potius
907 1539 1013 1602 magno
1034 1514 1144 1594 animo,
1163 1538 1218 1601 que
1228 1512 1261 1599 se

232 1614 376 1700 aduersus
386 1613 535 1698 fortuna
547 1613 732 1702 iniquitatem
753 1615 862 1702 erigat.
899 1617 949 1679 Ita
966 1614 1022 1700 qui
1043 1614 1184 1686 occurrit
1205 1614 1261 1677 sru-

234 1713 320 1802 gulis
333 1713 438 1793 dietis,
453 1737 518 1780 non
532 1714 623 1784 facile
636 1715 825 1802 decipiatur,
846 1737 906 1780 nec
924 1715 1028 1802 decipi
1045 1716 1077 1780 se
1091 1715 1171 1779 sinat
1186 1715 1261 1779 Poes

228 1825 278 1878 -tre
292 1813 493 1879 austeritate.
880 1867 883 1873 .

278 1916 323 1980 X.
352 1915 416 1981 Sed
429 1929 468 1981 ut
481 1916 514 1981 in
527 1916 591 1981 vite
604 1939 664 1981 uva
677 1917 757 1981 latet
771 1915 827 1981 sub
841 1915 936 1996 foliis,
958 1916 1004 1981 ita
1016 1917 1048 1981 in
1064 1916 1149 1982 Poefi
1164 1915 1262 1981 multa

202 2045 205 2053 ·
232 2017 320 2082 bona
341 2017 470 2083 occulta
488 2017 600 2106 jacent
624 2019 680 2082 sub
702 2031 833 2083 ornatus
860 2041 897 2083 ae
923 2017 1072 2084 didionia
1098 2031 1261 2104 apparatu.

162 2147 165 2154 ·
234 2118 419 2205 Cognoscat
431 2116 571 2205 juvenis,
586 2141 667 2205 quoa
681 2119 773 2184 bonis
795 2119 936 2191 moribus
951 2117 1102 2206 praeditos
1119 2117 1263 2182 homines

233 2218 367 2284 inducat
387 2223 495 2300 Poeta,
509 2243 589 2306 quos
603 2219 712 2286 malis:
736 2243 775 2284 an
791 2221 930 2306 utrisque
943 2219 1170 2285 convenienter
1181 2219 1264 2285 dieo

235 2321 383 2412 factaque
410 2321 540 2387 tribuat.
589 2325 870 2410 Agamemnonem
899 2321 1150 2409 reprehendunt,
1180 2321 1263 2388 vario

235 2421 334 2487 modo
347 2433 381 2486 et
394 2433 550 2509 tempore,
565 2421 627 2487 suis
641 2423 782 2488 moribus
797 2423 928 2510 quisque
946 2422 1192 2490 convenienter:
1215 2425 1265 2490 Aa

234 2522 349 2591 chillea
362 2523 487 2603 acerbe,
501 2522 555 2589 sed
568 2545 656 2589 vere:
679 2523 835 2590 Thersites
850 2547 928 2590 vane
943 2538 978 2590 et
995 2525 1106 2590 stulte:
1129 2525 1263 2591 Diome·

233 2623 292 2690 dea
308 2623 511 2711 tempestive:
536 2625 677 2691 Calchas
697 2625 928 2712 intempestive:
951 2627 1066 2692 Nestor
1084 2640 1267 2714 opportune

234 2740 270 2792 et
287 2725 480 2814 prudenter:
502 2727 665 2811 eumdem,
681 2728 966 2813 reprehendentem
986 2729 1077 2809 alios,
1092 2728 1267 2795 Diomedes

234 2851 311 2896 eum
332 2826 506 2893 reverentia
523 2841 558 2893 et
581 2828 702 2894 filentio
724 2828 798 2908 sert,
817 2830 989 2894 Sthenelus
1010 2829 1181 2895 Diomedis
1200 2830 1267 2895 viee

235 2929 371 3018 gloriose
397 2929 552 3016 increpat,
576 2929 700 3019 Ulysses
722 2953 798 2994 curn
819 2930 866 2995 ira
885 2929 1054 3018 objurgat:
1083 2931 1148 3017 ipse
1170 2931 1265 2998 Sthe·

236 3033 346 3102 nelum
359 3031 482 3098 silentio
494 3030 628 3118 spernit:
652 3031 794 3119 Ulyssem
808 3031 941 3096 laudans
952 3046 985 3097 et
996 3030 1079 3097 dieta
1092 3034 1265 3098 retraetans

236 3135 362 3221 placare
375 3132 489 3198 studet.
513 3133 603 3197 Idem
618 3131 784 3197 discrimen
796 3132 1111 3198 animadvertendum
1125 3133 1158 3199 iu
1174 3137 1265 3200 Grae·

235 3236 283 3309 cis
296 3249 332 3302 et
343 3232 507 3323 Trojanisr
530 3233 637 3299 Graeci
650 3232 803 3301 incedunt
817 3232 939 3313 ordine,
954 3233 1075 3299 filentio
1089 3248 1265 3301 reverenter

236 3338 309 3404 suoa
322 3337 443 3403 duces:
468 3333 597 3424 Trojani
618 3357 694 3400 cum
714 3334 864 3421 clangore
883 3351 917 3400 et
931 3335 1066 3400 ferocia:
1090 3336 1265 3421 promiffio·

236 3459 294 3502 nea
308 3436 446 3502 Dolonis
467 3435 597 3515 stolidae,
611 3434 780 3501 Diomedia
794 3434 959 3500 modestae:
982 3435 1017 3501 in
1030 3437 1180 3522 singulari
1198 3459 1266 3503 cer·

237 3537 357 3604 tamine
371 3536 521 3603 Hesioria
536 3537 656 3623 pavitat
669 3559 736 3616 eor,
750 3536 962 3623 Trojanorum
979 3558 1087 3624 genua
1104 3538 1191 3605 subit
1203 3553 1267 3606 tre·

236 3660 320 3718 mor,
333 3635 443 3724 Ajaeis
459 3635 584 3702 animus
600 3637 792 3702 conscientia
812 3637 936 3703 virtutis
950 3652 984 3703 et
998 3639 1190 3724 tranquillus
1203 3655 1269 3707 eta

231 3738 388 3830 jallantia
408 3737 541 3805 alenus.
583 3737 714 3826 Trojani
729 3737 824 3803 multi
840 3737 926 3825 eapti
943 3753 978 3805 et
996 3738 1061 3824 ipse
1083 3742 1268 3807 Hedlorvis

236 3856 306 3909 tam
323 3839 482 3927 supplices
507 3861 528 3903 a
551 3839 726 3911 vidlonbua
737 3839 974 3926 expetiveruntr
998 3843 1189 3909 Graeeorum
1211 3865 1269 3909 ue·

237 3967 310 4012 mo:
334 3956 371 4010 ut
385 3940 582 4030 intelligatur
594 3942 794 4009 barbaricum
807 3943 867 4007 esse
882 3942 913 4006 in
929 3965 1039 4030 pugna
1053 3943 1135 4007 hosti
1148 3945 1181 4010 se
1194 3946 1267 4011 sub·

237 4047 366 4114 mittere
392 4057 426 4111 et
454 4043 640 4132 supplicare,
668 4046 819 4111 Graecum
855 4046 1029 4132 pugnando
1055 4045 1184 4114 vincere
1213 4059 1270 4117 aut

238 4168 331 4213 mon.

280 4245 340 4312 XI.
363 4247 407 4314 Et
419 4257 458 4319 ut
470 4267 510 4315 ex
521 4245 642 4336 pascuis
656 4246 726 4336 apia
739 4247 862 4330 florem,
876 4268 972 4336 capra
979 4247 1126 4336 houden,
1144 4249 1199 4316 sua
1213 4268 1267 4316 rte
